@article{Almuhaideb201118F-FDGOncology,
    title = {{18F-FDG PET/CT imaging in oncology}},
    year = {2011},
    journal = {Annals of Saudi Medicine},
    author = {Almuhaideb, Ahmad and Papathanasiou, Nikolaos and Bomanji, Jamshed},
    number = {1},
    month = {1},
    pages = {3--13},
    volume = {31},
    doi = {10.4103/0256-4947.75771},
    issn = {02564947},
    pmid = {21245592}
}

@article{Rich20201HVivo,
    title = {{1H magnetic resonance spectroscopy of 2H-to-1H exchange quantifies the dynamics of cellular metabolism in vivo}},
    year = {2020},
    journal = {Nature Biomedical Engineering 2020 4:3},
    author = {Rich, Laurie J. and Bagga, Puneet and Wilson, Neil E. and Schnall, Mitchell D. and Detre, John A. and Haris, Mohammad and Reddy, Ravinder},
    number = {3},
    month = {1},
    pages = {335--342},
    volume = {4},
    publisher = {Nature Publishing Group},
    url = {https://www.nature.com/articles/s41551-019-0499-8},
    doi = {10.1038/s41551-019-0499-8},
    issn = {2157-846X},
    pmid = {31988460},
    keywords = {Cancer imaging, Cancer metabolism, Magnetic resonance imaging, Neuroscience, Translational research}
}

@article{Jansen20061HMetabolites,
    title = {{1H MR spectroscopy of the brain: absolute quantification of metabolites}},
    year = {2006},
    journal = {Radiology},
    author = {Jansen, Jacobus F.A. and Backes, Walter H. and Nicolay, Klaas and Kooi, M. Eline},
    number = {2},
    month = {8},
    pages = {318--332},
    volume = {240},
    publisher = {Radiology},
    url = {https://pubmed.ncbi.nlm.nih.gov/16864664/},
    doi = {10.1148/RADIOL.2402050314},
    issn = {0033-8419},
    pmid = {16864664},
    keywords = {Brain / metabolism*, Brain Chemistry*, Calibration, Computer-Assisted, Humans, Jacobus F A Jansen, M Eline Kooi, MEDLINE, Magnetic Resonance Spectroscopy / instrumentation, Magnetic Resonance Spectroscopy / methods*, NCBI, NIH, NLM, National Center for Biotechnology Information, National Institutes of Health, National Library of Medicine, PubMed Abstract, Review, Signal Processing, Statistics as Topic, Walter H Backes, doi:10.1148/radiol.2402050314, pmid:16864664}
}

@article{Perea20072HDisc,
    title = {{2H double quantum filtered (DQF) NMR spectroscopy of the nucleus pulposus tissues of the intervertebral disc}},
    year = {2007},
    journal = {Magnetic resonance in medicine},
    author = {Perea, William and Cannella, Marco and Yang, Jun and Vega, Alexander J. and Polenova, Tatyana and Marcolongo, Michele},
    number = {6},
    pages = {990--999},
    volume = {57},
    publisher = {Magn Reson Med},
    url = {https://pubmed.ncbi.nlm.nih.gov/17534920/},
    doi = {10.1002/MRM.21231},
    issn = {0740-3194},
    pmid = {17534920},
    keywords = {80 and over, Adolescent, Adult, Aged, Aging / physiology, Cadaver, Extramural, Female, Humans, Intervertebral Disc / pathology*, MEDLINE, Magnetic Resonance Spectroscopy / methods*, Male, Marco Cannella, Michele Marcolongo, Middle Aged, N.I.H., NCBI, NIH, NLM, National Center for Biotechnology Information, National Institutes of Health, National Library of Medicine, Non-U.S. Gov't, PubMed Abstract, Research Support, William Perea, doi:10.1002/mrm.21231, pmid:17534920}
}

@article{Stubbs199631P-MagneticADP,
    title = {{31P-Magnetic resonance spectroscopy studies of nucleated and non-nucleated erythrocytes; time domain data analysis (VARPRO) incorporating prior knowledge can give information on the binding of ADP}},
    year = {1996},
    journal = {Biochimica et Biophysica Acta (BBA) - General Subjects},
    author = {Stubbs, Marion and Van Den Boogaart, Aad and Bashford, C. Lindsay and Miranda, Pedro M.C. and Rodrigues, Loreta M. and Howe, Franklyn A. and Griffiths, John R.},
    number = {2},
    month = {10},
    pages = {143--148},
    volume = {1291},
    publisher = {Elsevier},
    doi = {10.1016/0304-4165(96)00058-X},
    issn = {0304-4165},
    pmid = {8898875},
    keywords = {ADP/ATP binding, Chicken, Erythrocyte, Human, NMR, 31P-, Time domain analysis (VAPRO)}
}

@article{GiovannettiA2002AMRI,
    title = {{A fast and accurate simulator for the design of birdcage coils in MRI}},
    year = {2002},
    journal = {Biology and Medicine Magnetic Resonance Materials in Physics},
    author = {Giovannetti A'*, Giulio and Landini, Luigi and Santarelli, Maria Filomena and Positano, Vincenzo},
    pages = {36--44},
    volume = {15},
    url = {www.elsevier.com/locate/magma},
    isbn = {13528661/02},
    keywords = {" Birdcage coil, Inductances, RF magnetic field, Software simulator}
}

@article{Goluch2015AT,
    title = {{A form-fitted three channel 31P, two channel 1H transceiver coil array for calf muscle studies at 7 T}},
    year = {2015},
    journal = {Magnetic Resonance in Medicine},
    author = {Goluch, Sigrun and Kuehne, Andre and Meyerspeer, Martin and Kriegl, Roberta and Schmid, Albrecht I. and Fiedler, Georg B. and Herrmann, Tim and Mallow, Johannes and Hong, Suk Min and Cho, Zang Hee and Bernarding, Johannes and Moser, Ewald and Laistler, Elmar},
    number = {6},
    month = {6},
    pages = {2376--2389},
    volume = {73},
    publisher = {John Wiley and Sons Inc},
    doi = {10.1002/mrm.25339},
    issn = {15222594},
    pmid = {25046817},
    keywords = {31P spectroscopy, EM simulation, RF coil design, X-nuclei sensitivity, coil array, ultra-high field}
}

@article{Jenkinson2001AImages,
    title = {{A global optimisation method for robust affine registration of brain images}},
    year = {2001},
    journal = {Medical Image Analysis},
    author = {Jenkinson, Mark and Smith, Stephen},
    number = {2},
    month = {6},
    pages = {143--156},
    volume = {5},
    publisher = {Elsevier},
    doi = {10.1016/S1361-8415(01)00036-6},
    issn = {1361-8415},
    pmid = {11516708},
    keywords = {Affine transformation, Global optimisation, Multi-resolution search, Multimodal registration, Robustness}
}

@article{Urey1932AConcentration,
    title = {{A Hydrogen Isotope of Mass 2 and its Concentration}},
    year = {1932},
    journal = {Physical Review},
    author = {Urey, Harold C. and Brickwedde, F. G. and Murphy, G. M.},
    number = {1},
    month = {4},
    pages = {1--15},
    volume = {40},
    doi = {10.1103/PhysRev.40.1},
    issn = {0031-899X}
}

@article{Evelhoch1989ASpectrum,
    title = {{A Method for Direct in Vivo Measurement of Drug Concentrations from a Single 2H NMR Spectrum}},
    year = {1989},
    journal = {MAGNETIC RESONANCE IN MEDICINE},
    author = {Evelhoch, Jeffrey L and Mccoy, Cheryl L and {And} and Giri, Brij P},
    pages = {402--410},
    volume = {9}
}

@article{Zou2023AImaging,
    title = {{A new deuterium-labeled compound [2,3,4,6,6’-2H5]-D-glucose for deuterium magnetic resonance metabolic imaging}},
    year = {2023},
    journal = {NMR in Biomedicine},
    author = {Zou, Chao and Ruan, Yingheng and Li, Huanxi and Wan, Qian and Du, Feng and Yuan, Jiawen and Qin, Qikai and Thompson, Garth J. and Yang, Xiaojun and Li, Ye and Liu, Xin and Zheng, Hairong},
    number = {7},
    month = {7},
    pages = {e4890},
    volume = {36},
    publisher = {John Wiley {\&} Sons, Ltd},
    url = {https://onlinelibrary.wiley.com/doi/full/10.1002/nbm.4890 https://onlinelibrary.wiley.com/doi/abs/10.1002/nbm.4890 https://analyticalsciencejournals.onlinelibrary.wiley.com/doi/10.1002/nbm.4890},
    doi = {10.1002/NBM.4890},
    issn = {1099-1492},
    pmid = {36477944},
    keywords = {Lac, Lactate, MRS, Magnetic Resonance Spectroscopy, PET, Positron Emission Tomography, SD, Sprague-Dawley, SNR, Signal-to-Noise Ratio, TCA, Tricarboxylic Acid, deuterated glucose, deuterium magnetic resonance imaging, glioma}
}

@article{Giovannetti2004AScanner,
    title = {{A quadrature lowpass birdcage coil for a vertical low field MRI scanner}},
    year = {2004},
    journal = {Concepts in Magnetic Resonance Part B: Magnetic Resonance Engineering},
    author = {Giovannetti, Giulio and Francesconi, Raffaello and Landini, Luigi and Viti, Vittorio and Santarelli, Maria Filomena and Positano, Vincenzo and Benassi, Antonio},
    number = {1},
    month = {7},
    pages = {1--6},
    volume = {22},
    doi = {10.1002/cmr.b.20012},
    issn = {10437347},
    keywords = {Low-frequency MR probes, Lowpass birdcage coil, Quadrature coil, Vertical B0 field}
}

@article{Oros-Peusquens2019AImplications,
    title = {{A Single-Scan, Rapid Whole-Brain Protocol for Quantitative Water Content Mapping With Neurobiological Implications}},
    year = {2019},
    journal = {Frontiers in Neurology},
    author = {Oros-Peusquens, Ana Maria and Lou{\c{c}}{\~{a}}o, Ricardo and Abbas, Zaheer and Gras, Vincent and Zimmermann, Markus and Shah, N. J.},
    month = {12},
    volume = {10},
    publisher = {Frontiers Media S.A.},
    doi = {10.3389/fneur.2019.01333},
    issn = {16642295},
    keywords = {T2*, brain oedema, brain tumors, fast quantitative imaging, quantitative MRI, quantitative macromolecular content, quantitative water content, stroke}
}

@article{Hersant2001APlanets,
    title = {{A Two‐dimensional Model for the Primordial Nebula Constrained by D/H Measurements in the Solar System: Implications for the Formation of Giant Planets}},
    year = {2001},
    journal = {The Astrophysical Journal},
    author = {Hersant, Franck and Gautier, Daniel and Hure, Jean‐Marc},
    number = {1},
    month = {6},
    pages = {391--407},
    volume = {554},
    publisher = {American Astronomical Society},
    url = {https://iopscience.iop.org/article/10.1086/321355 https://iopscience.iop.org/article/10.1086/321355/meta},
    doi = {10.1086/321355/FULLTEXT/},
    issn = {0004-637X},
    keywords = {Subject headings, comets, formation, general {\`{E}} planets and satellites, general {\`{E}} solar system}
}

@article{Hagemann1970AbsoluteSMOW,
    title = {{Absolute isotopic scale for deuterium analysis of natural waters. Absolute D/H ratio for SMOW}},
    year = {1970},
    journal = {Tellus},
    author = {Hagemann, R. and Nief, G. and Roth, E.},
    number = {6},
    month = {1},
    pages = {712},
    volume = {22},
    publisher = {Taylor {\&} Francis},
    url = {https://www.tandfonline.com/doi/abs/10.3402/tellusa.v22i6.10278},
    doi = {10.3402/TELLUSA.V22I6.10278},
    issn = {2153-3490}
}

@article{Turteltaub1990AcceleratorDNA.,
    title = {{Accelerator mass spectrometry in biomedical dosimetry: relationship between low-level exposure and covalent binding of heterocyclic amine carcinogens to DNA.}},
    year = {1990},
    journal = {Proceedings of the National Academy of Sciences},
    author = {Turteltaub, K. W. and Felton, J. S. and Gledhill, B. L. and Vogel, J. S. and Southon, J. R. and Caffee, M. W. and Finkel, R. C. and Nelson, D. E. and Proctor, I. D. and Davis, J. C.},
    number = {14},
    month = {7},
    pages = {5288--5292},
    volume = {87},
    publisher = {Proceedings of the National Academy of Sciences},
    url = {https://www.pnas.org/doi/abs/10.1073/pnas.87.14.5288},
    doi = {10.1073/PNAS.87.14.5288},
    issn = {00278424},
    pmid = {2371271},
    keywords = {14C Detection, 2-amino-3,8-dimethylimidazol[4,5-f]quinoxaline}
}

@article{Pohmann2001AccurateCSI,
    title = {{Accurate phosphorus metabolite images of the human heart by 3D acquisition-weighted CSI}},
    year = {2001},
    journal = {Magnetic resonance in medicine},
    author = {Pohmann, Rolf and Von Kienlin, Markus},
    number = {5},
    pages = {817--826},
    volume = {45},
    publisher = {Magn Reson Med},
    url = {https://pubmed.ncbi.nlm.nih.gov/11323808/},
    doi = {10.1002/MRM.1110},
    issn = {0740-3194},
    pmid = {11323808},
    keywords = {Adenosine Triphosphate / metabolism, Computer-Assisted, Humans, Imaging, M von Kienlin, MEDLINE, Magnetic Resonance Spectroscopy / methods*, Male, Myocardium / metabolism*, NCBI, NIH, NLM, National Center for Biotechnology Information, National Institutes of Health, National Library of Medicine, Non-U.S. Gov't, Phosphorus / metabolism*, Phosphorus Isotopes, PubMed Abstract, R Pohmann, Research Support, Signal Processing, Three-Dimensional, doi:10.1002/mrm.1110, pmid:11323808}
}

@article{vanderVeen1988AccurateKnowledge,
    title = {{Accurate quantification of in vivo 31P NMR signals using the variable projection method and prior knowledge}},
    year = {1988},
    journal = {Magnetic Resonance in Medicine},
    author = {van der Veen, J. W.C. and de Beer, R. and Luyten, P. R. and van Ormondt, D.},
    number = {1},
    pages = {92--98},
    volume = {6},
    doi = {10.1002/MRM.1910060111},
    issn = {15222594},
    pmid = {3352510}
}

@misc{Topping2020AcquisitionNuclei,
    title = {{Acquisition strategies for spatially resolved magnetic resonance detection of hyperpolarized nuclei}},
    year = {2020},
    booktitle = {Magnetic Resonance Materials in Physics, Biology and Medicine},
    author = {Topping, Geoffrey J. and Hundshammer, Christian and Nagel, Luca and Grashei, Martin and Aigner, Maximilian and Skinner, Jason G. and Schulte, Rolf F. and Schilling, Franz},
    number = {2},
    month = {4},
    pages = {221--256},
    volume = {33},
    publisher = {Springer},
    doi = {10.1007/s10334-019-00807-6},
    issn = {13528661},
    pmid = {31811491},
    keywords = {Hyperpolarization, Magnetic resonance imaging (MRI), Metabolic imaging, Spectroscopic imaging (MRSI), Spectroscopy}
}

@article{Strawford2004AdiposeO,
    title = {{Adipose tissue triglyceride turnover, de novo lipogenesis, and cell proliferation in humans measured with 2 H 2 O}},
    year = {2004},
    journal = {Am J Physiol Endocrinol Metab},
    author = {Strawford, A and Antelo, F and Christiansen, M and Hellerstein, M K and Heller, M K},
    pages = {577--588},
    volume = {286},
    url = {http://www.ajpendo.org},
    doi = {10.1152/ajpendo.00093.2003.-The},
    keywords = {adipogenesis, lipid kinetics, lipolysis, stable isotopes, triglyceride synthesis}
}

@article{Smith2004AdvancesFSL,
    title = {{Advances in functional and structural MR image analysis and implementation as FSL}},
    year = {2004},
    journal = {NeuroImage},
    author = {Smith, Stephen M. and Jenkinson, Mark and Woolrich, Mark W. and Beckmann, Christian F. and Behrens, Timothy E.J. and Johansen-Berg, Heidi and Bannister, Peter R. and De Luca, Marilena and Drobnjak, Ivana and Flitney, David E. and Niazy, Rami K. and Saunders, James and Vickers, John and Zhang, Yongyue and De Stefano, Nicola and Brady, J. Michael and Matthews, Paul M.},
    number = {SUPPL. 1},
    volume = {23 Suppl 1},
    publisher = {Neuroimage},
    url = {https://pubmed.ncbi.nlm.nih.gov/15501092/},
    doi = {10.1016/J.NEUROIMAGE.2004.07.051},
    issn = {1053-8119},
    pmid = {15501092},
    keywords = {Bayes Theorem, Brain / anatomy {\&} histology, Brain / physiology, Computer-Assisted*, Databases, Factual, Humans, Image Processing, MEDLINE, Magnetic Resonance Imaging / statistics {\&} numerical data*, Mark Jenkinson, Models, NCBI, NIH, NLM, National Center for Biotechnology Information, National Institutes of Health, National Library of Medicine, Neurological, Non-U.S. Gov't, Paul M Matthews, PubMed Abstract, Research Support, Review, Software, Statistical, Stephen M Smith, doi:10.1016/j.neuroimage.2004.07.051, pmid:15501092}
}

@article{Kurhanewicz2011AnalysisResearch,
    title = {{Analysis of cancer metabolism by imaging hyperpolarized nuclei: Prospects for translation to clinical research}},
    year = {2011},
    journal = {Neoplasia},
    author = {Kurhanewicz, John and Vigneron, Daniel B. and Brindle, Kevin and Chekmenev, Eduard Y. and Comment, Arnaud and Cunningham, Charles H. and DeBerardinis, Ralph J. and Green, Gary G. and Leach, Martin O. and Rajan, Sunder S. and Rizi, Rahim R. and Ross, Brian D. and Warren, Warren S. and Malloy, Craig R.},
    number = {2},
    pages = {81--97},
    volume = {13},
    publisher = {Elsevier B.V.},
    doi = {10.1593/neo.101102},
    issn = {14765586},
    pmid = {21403835}
}

@article{Pirali2019ApplicationsChemistry,
    title = {{Applications of Deuterium in Medicinal Chemistry}},
    year = {2019},
    journal = {Journal of Medicinal Chemistry},
    author = {Pirali, Tracey and Serafini, Marta and Cargnin, Sarah and Genazzani, Armando A.},
    number = {11},
    month = {6},
    pages = {5276--5297},
    volume = {62},
    publisher = {American Chemical Society},
    url = {https://pubs.acs.org/doi/full/10.1021/acs.jmedchem.8b01808},
    doi = {10.1021/ACS.JMEDCHEM.8B01808/ASSET/IMAGES/LARGE/JM-2018-01808R{\_}0024.JPEG},
    issn = {15204804},
    pmid = {30640460}
}

@article{Schellekens2011ApplicationsPharmacology,
    title = {{Applications of stable isotopes in clinical pharmacology}},
    year = {2011},
    journal = {British journal of clinical pharmacology},
    author = {Schellekens, Reinout C.A. and Stellaard, Frans and Woerdenbag, Herman J. and Frijlink, Henderik W. and Kosterink, Jos G.W.},
    number = {6},
    month = {12},
    pages = {879--897},
    volume = {72},
    publisher = {Br J Clin Pharmacol},
    url = {https://pubmed.ncbi.nlm.nih.gov/21801197/},
    doi = {10.1111/J.1365-2125.2011.04071.X},
    issn = {1365-2125},
    pmid = {21801197},
    keywords = {Animals, Clinical / methods*, Clinical / trends, Clinical Trials as Topic / methods, Drug Delivery Systems, Frans Stellaard, Humans, Isotope Labeling / methods*, Isotope Labeling / trends, Isotopes / chemistry, Jos G W Kosterink, MEDLINE, NCBI, NIH, NLM, National Center for Biotechnology Information, National Institutes of Health, National Library of Medicine, PMC3244634, Pharmaceutical Preparations / metabolism, Pharmacokinetics, Pharmacology, Precision Medicine / methods*, PubMed Abstract, Reinout C A Schellekens, Review, doi:10.1111/j.1365-2125.2011.04071.x, pmid:21801197}
}

@article{Yang1998AssaySpectrometry,
    title = {{Assay of low deuterium enrichment of water by isotopic exchange with [U- 13C3]acetone and gas chromatography-mass spectrometry}},
    year = {1998},
    journal = {Analytical Biochemistry},
    author = {Yang, Dawei and Diraison, Frédérique and Beylot, Michel and Brunengraber, Daniel Z. and Samols, Mark A. and Anderson, Vernon E. and Brunengraber, Henri},
    number = {2},
    month = {5},
    pages = {315--321},
    volume = {258},
    publisher = {Academic Press Inc.},
    doi = {10.1006/ABIO.1998.2632},
    issn = {00032697},
    pmid = {9570847},
    keywords = {Acetone, Deuterium oxide, Gluconeogenesis, Isotopic exchange, Lipogenesis, Total body water}
}

@article{White2017AssociationHumans,
    title = {{Association of In Vivo Adipose Tissue Cellular Kinetics With Markers of Metabolic Health in Humans}},
    year = {2017},
    journal = {The Journal of Clinical Endocrinology and Metabolism},
    author = {White, Ursula A. and Fitch, Mark D. and Beyl, Robbie A. and Hellerstein, Marc K. and Ravussin, Eric},
    number = {7},
    month = {7},
    pages = {2171},
    volume = {102},
    publisher = {The Endocrine Society},
    url = {/pmc/articles/PMC5505198/ /pmc/articles/PMC5505198/?report=abstract https://www.ncbi.nlm.nih.gov/pmc/articles/PMC5505198/},
    doi = {10.1210/JC.2016-4000},
    issn = {19457197},
    pmid = {28323935}
}

@article{SKPeng1972BiologicStudy,
    title = {{Biologic effects of prolonged exposure to deuterium oxide. A behavioral, metabolic, and morphologic study}},
    year = {1972},
    journal = {Archives of Pathology {\&} Laboratory Medicine},
    author = {{S K Peng} and {K J Ho}},
    number = {1},
    pages = {81--9},
    volume = {94},
    publisher = {Informa Healthcare},
    doi = {10.3109/15563657608988178},
    pmid = {5064213}
}

@article{Giovannetti2014BirdcageInductance,
    title = {{Birdcage coils: Equivalent capacitance and equivalent inductance}},
    year = {2014},
    journal = {Concepts in Magnetic Resonance Part B: Magnetic Resonance Engineering},
    author = {Giovannetti, Giulio},
    number = {2},
    month = {4},
    pages = {32--38},
    volume = {44},
    publisher = {Wiley-Liss Inc.},
    doi = {10.1002/cmr.b.21260},
    issn = {1552504X},
    keywords = {Birdcage coil, Inductances, Radiofrequency coils simulation}
}

@article{Westerterp1999BodyWater,
    title = {{Body composition, water turnover and energy turnover assessment with labelled water}},
    year = {1999},
    journal = {The Proceedings of the Nutrition Society},
    author = {Westerterp, Klaas R.},
    number = {4},
    pages = {945--951},
    volume = {58},
    publisher = {Proc Nutr Soc},
    url = {https://pubmed.ncbi.nlm.nih.gov/10817162/},
    doi = {10.1017/S0029665199001251},
    issn = {0029-6651},
    pmid = {10817162},
    keywords = {Body Composition*, Deuterium, Energy Metabolism*, Exercise / physiology, Humans, Isotope Labeling*, K R Westerterp, MEDLINE, NCBI, NIH, NLM, National Center for Biotechnology Information, National Institutes of Health, National Library of Medicine, Oxygen Isotopes, Physical Endurance, PubMed Abstract, Review, Water / metabolism*, doi:10.1017/s0029665199001251, pmid:10817162}
}

@misc{BrainUK,
    title = {{Brain, other CNS and intracranial tumours statistics | Cancer Research UK}},
    url = {https://www.cancerresearchuk.org/health-professional/cancer-statistics/statistics-by-cancer-type/brain-other-cns-and-intracranial-tumours#heading-One}
}

@misc{CancerUK,
    title = {{Cancer Statistics for the UK}},
    url = {https://www.cancerresearchuk.org/health-professional/cancer-statistics-for-the-uk#heading-Zero}
}

@article{Kushner1988CerebralStimulation,
    title = {{Cerebral metabolism and patterned visual Stimulation}},
    year = {1988},
    journal = {Neurology},
    author = {Kushner, M. J. and Rosenquist, A. and Alavi, A. and Rosen, M. and Dann, R. and Fazekas, F. and Bosley, T. and Greenberg, J. and Reivich, M.},
    number = {1},
    month = {1},
    pages = {89--89},
    volume = {38},
    publisher = {Wolters Kluwer Health, Inc. on behalf of the American Academy of Neurology},
    url = {https://n.neurology.org/content/38/1/89 https://n.neurology.org/content/38/1/89.abstract},
    doi = {10.1212/WNL.38.1.89},
    issn = {0028-3878},
    pmid = {3257295}
}

@incollection{Chen1989ChapterNoise,
    title = {{Chapter 4: Signal and Noise}},
    year = {1989},
    booktitle = {Biomedical Magnetic Resonance Technology},
    author = {Chen, Ching-Nien and Hoult, D.I.},
    edition = {1st},
    pages = {117--175},
    publisher = {CRC Press},
    isbn = {ISBN-10: 0852741189, ISBN-13: 978-0852741184}
}

@article{DeGraaf2021CharacterizationStudies,
    title = {{Characterization of kinetic isotope effects and label loss in deuterium-based isotopic labeling studies}},
    year = {2021},
    journal = {ACS chemical neuroscience},
    author = {De Graaf, Robin A. and Thomas, Monique A. and Behar, Kevin L. and De Feyter, Henk M.},
    number = {1},
    month = {1},
    pages = {234},
    volume = {12},
    publisher = {NIH Public Access},
    url = {/pmc/articles/PMC9890388/ /pmc/articles/PMC9890388/?report=abstract https://www.ncbi.nlm.nih.gov/pmc/articles/PMC9890388/},
    doi = {10.1021/ACSCHEMNEURO.0C00711},
    issn = {19487193},
    pmid = {33319987},
    keywords = {Deuterium, acetate, glucose, kinetic isotope effect, label loss}
}

@article{Katz1960CHEMICALDEUTERIUM,
    title = {{CHEMICAL AND BIOLOGICAL STUDIES WITH DEUTERIUM}},
    year = {1960},
    journal = {American Scientist},
    author = {Katz, Joseph J},
    number = {4},
    month = {12},
    pages = {544--580},
    volume = {48},
    publisher = {American Scientist},
    url = {https://www.jstor.org/stable/27827650}
}

@article{Zhang2017ChemicalNADPH,
    title = {{Chemical Basis for Deuterium Labeling of Fat and NADPH}},
    year = {2017},
    journal = {Journal of the American Chemical Society},
    author = {Zhang, Zhaoyue and Chen, Li and Liu, Ling and Su, Xiaoyang and Rabinowitz, Joshua D.},
    number = {41},
    month = {10},
    pages = {14368--14371},
    volume = {139},
    publisher = {American Chemical Society},
    url = {https://pubs.acs.org/doi/full/10.1021/jacs.7b08012},
    doi = {10.1021/JACS.7B08012/ASSET/IMAGES/JA-2017-08012H{\_}M006.GIF},
    issn = {15205126},
    pmid = {28911221}
}

@techreport{Block1987COMMUNICATIONSTissues,
    title = {{COMMUNICATIONS Deuterium Nuclear Spin Relaxation in Biological Tissues}},
    year = {1987},
    booktitle = {MAGNETIC RESONANCE IN MEDlCINE},
    author = {Block, Ronald E and Parekh, Barbara C},
    pages = {286--289},
    volume = {5}
}

@article{vonMorze2021ComparisonT,
    title = {{Comparison of hyperpolarized 13C and non-hyperpolarized deuterium MRI approaches for imaging cerebral glucose metabolism at 4.7 T}},
    year = {2021},
    journal = {Magnetic Resonance in Medicine},
    author = {von Morze, Cornelius and Engelbach, John A. and Blazey, Tyler and Quirk, James D. and Reed, Galen D. and Ippolito, Joseph E. and Garbow, Joel R.},
    number = {4},
    month = {4},
    pages = {1795--1804},
    volume = {85},
    publisher = {John Wiley and Sons Inc},
    doi = {10.1002/mrm.28612},
    issn = {15222594},
    pmid = {33247884},
    keywords = {brain, dynamic nuclear polarization, imaging, stable isotopes}
}

@article{Ren2008CompositionTesla,
    title = {{Composition of adipose tissue and marrow fat in humans by 1H NMR at 7 Tesla}},
    year = {2008},
    journal = {Journal of Lipid Research},
    author = {Ren, Jimin and Dimitrov, Ivan and Sherry, A. Dean and Malloy, Craig R.},
    number = {9},
    month = {9},
    pages = {2055},
    volume = {49},
    publisher = {American Society for Biochemistry and Molecular Biology},
    url = {/pmc/articles/PMC2515528/ /pmc/articles/PMC2515528/?report=abstract https://www.ncbi.nlm.nih.gov/pmc/articles/PMC2515528/},
    doi = {10.1194/JLR.D800010-JLR200},
    issn = {00222275},
    pmid = {18509197},
    keywords = {Bone marrow, Fatty acids, In vivo, Lipid composition, Metabolism, Musculoskeletal, Spectroscopy, Subcutaneous fat, Triglycerides}
}

@article{Sato2016Computer-AidedApparatus,
    title = {{Computer-Aided Three-Dimensional Measurement of the Human Vestibular Apparatus}},
    year = {2016},
    journal = {Otolaryngol Head Neck Surg},
    author = {Sato, Hiroaki and Sando, Isamu and Takahashi, Haruo},
    number = {3},
    month = {4},
    pages = {405--409},
    volume = {107},
    publisher = {SAGE PublicationsSage CA: Los Angeles, CA},
    url = {https://journals.sagepub.com/doi/10.1177/019459989210700311?url_ver=Z39.88-2003&rfr_id=ori%3Arid%3Acrossref.org&rfr_dat=cr_pub++0pubmed},
    doi = {10.1177/019459989210700311},
    issn = {10976817},
    pmid = {1408226}
}

@article{KATZ1962CourseMice,
    title = {{Course of deuteriation and some physiological effects of deuterium in mice}},
    year = {1962},
    journal = {The American journal of physiology},
    author = {KATZ, J. J. and CRESPI, H. L. and CZAJKA, D. M. and FINKEL, A. J.},
    month = {11},
    pages = {907--913},
    volume = {203},
    publisher = {Am J Physiol},
    url = {https://pubmed.ncbi.nlm.nih.gov/14031311/},
    doi = {10.1152/AJPLEGACY.1962.203.5.907},
    issn = {0002-9513},
    pmid = {14031311},
    keywords = {A J FINKEL, Animals, Brain*, Deuterium*, H L CRESPI, J J KATZ, Kidney*, Liver*, MEDLINE, Mice, NCBI, NIH, NLM, National Center for Biotechnology Information, National Institutes of Health, National Library of Medicine, PubMed Abstract, Spleen*, doi:10.1152/ajplegacy.1962.203.5.907, pmid:14031311}
}

@article{Amarose1962CytopathicDog,
    title = {{Cytopathic effects of deuterium oxide on the male gonads of the mouse and dog}},
    year = {1962},
    journal = {Experimental cell research},
    author = {Amarose, A. P. and Czajka, Dorice M.},
    number = {1},
    pages = {43--61},
    volume = {26},
    publisher = {Exp Cell Res},
    url = {https://pubmed.ncbi.nlm.nih.gov/13860880/},
    doi = {10.1016/0014-4827(62)90201-X},
    issn = {0014-4827},
    pmid = {13860880},
    keywords = {A P AMAROSE, Animals, D M CZAJKA, Deuterium / toxicity*, Deuterium Oxide*, Dogs, Gonads / pathology*, Humans, MEDLINE, Male, Mice, NCBI, NIH, NLM, National Center for Biotechnology Information, National Institutes of Health, National Library of Medicine, PubMed Abstract, Testis*, doi:10.1016/0014-4827(62)90201-x, pmid:13860880}
}

@article{Belew2022DeTracers,
    title = {{De novo lipogenesis in non-alcoholic fatty liver disease: Quantification with stable isotope tracers}},
    year = {2022},
    journal = {European Journal of Clinical Investigation},
    author = {Belew, Getachew Debas and Jones, John G.},
    number = {3},
    month = {3},
    pages = {e13733},
    volume = {52},
    publisher = {John Wiley {\&} Sons, Ltd},
    url = {https://onlinelibrary.wiley.com/doi/full/10.1111/eci.13733 https://onlinelibrary.wiley.com/doi/abs/10.1111/eci.13733 https://onlinelibrary.wiley.com/doi/10.1111/eci.13733},
    doi = {10.1111/ECI.13733},
    issn = {1365-2362},
    pmid = {34927251},
    keywords = {NAFLD, NMR, de novo lipogenesis, deuterated water, stable isotope tracers}
}

@article{Nguyen2013DenoisingApproximations,
    title = {{Denoising MR Spectroscopic Imaging Data With Low-Rank Approximations}},
    year = {2013},
    journal = {IEEE transactions on bio-medical engineering},
    author = {Nguyen, Hien M. and Peng, Xi and Do, Minh N. and Liang, Zhi Pei},
    number = {1},
    pages = {78},
    volume = {60},
    publisher = {NIH Public Access},
    url = {/pmc/articles/PMC3800688/ /pmc/articles/PMC3800688/?report=abstract https://www.ncbi.nlm.nih.gov/pmc/articles/PMC3800688/},
    doi = {10.1109/TBME.2012.2223466},
    issn = {00189294},
    pmid = {23070291},
    keywords = {Denoising, MR spectroscopic imaging (MRSI), MR spectroscopy, linear prediction, low-rank approximation, partially separable functions}
}

@article{Abdoli2016DenoisingComponents,
    title = {{Denoising of MR Spectroscopic Imaging Data Using Statistical Selection of Principal Components}},
    year = {2016},
    journal = {Magma (New York, N.Y.)},
    author = {Abdoli, Abas and Stoyanova, Radka and Maudsley, Andrew A.},
    number = {6},
    month = {12},
    pages = {811},
    volume = {29},
    publisher = {NIH Public Access},
    url = {/pmc/articles/PMC5699222/ /pmc/articles/PMC5699222/?report=abstract https://www.ncbi.nlm.nih.gov/pmc/articles/PMC5699222/},
    doi = {10.1007/S10334-016-0566-Z},
    issn = {13528661},
    pmid = {27260664},
    keywords = {Low-rank denoising, MRSI denoising, PCA denoising, SVD denoising, Spectral analysis}
}

@article{Gerlach1922DerMagnetfeld,
    title = {{Der experimentelle Nachweis der Richtungsquantelung im Magnetfeld}},
    year = {1922},
    journal = {Zeitschrift f{\"{u}}r Physik},
    author = {Gerlach, Walther and Stern, Otto},
    number = {1},
    month = {12},
    pages = {349--352},
    volume = {9},
    publisher = {Springer-Verlag},
    url = {https://link.springer.com/article/10.1007/BF01326983},
    doi = {10.1007/BF01326983/METRICS},
    issn = {14346001},
    keywords = {Beam Physics, Hadrons, Heavy Ions, Nuclear Fusion, Nuclear Physics, Particle Acceleration and Detection}
}

@article{Parsa2019DesignMRI,
    title = {{Design and fabrication of a new multi-loop saddle coil for 1.5 T MRI}},
    year = {2019},
    journal = {Review of Scientific Instruments},
    author = {Parsa, J. and Mohammadzadeh, M.},
    number = {11},
    month = {11},
    volume = {90},
    publisher = {American Institute of Physics Inc.},
    doi = {10.1063/1.5114813},
    issn = {10897623},
    pmid = {31779412}
}

@article{Giovannetti2015DesignCalf,
    title = {{Design and simulation of a dual-tuned 1H/23Na birdcage coil for MRS studies in human calf}},
    year = {2015},
    journal = {Applied Magnetic Resonance},
    author = {Giovannetti, Giulio and Valvano, Giuseppe and Virgili, Giorgio and Giannoni, Massimo and Flori, Alessandra and Frijia, Francesca and De Marchi, Daniele and Hartwig, Valentina and Landini, Luigi and Aquaro, Giovanni Donato and Pingitore, Alessandro},
    number = {11},
    month = {11},
    pages = {1221--1238},
    volume = {46},
    publisher = {Springer-Verlag Wien},
    doi = {10.1007/s00723-015-0720-1},
    issn = {09379347}
}

@article{Sharf1995DetectionNMR-Spectroscopy,
    title = {{Detection of Anisotropy in Cartilage Using 2H Double-Quantum-Filtered NMR-Spectroscopy}},
    year = {1995},
    journal = {Journal of Magnetic Resonance, Series B},
    author = {Sharf, Yehuda and Eliav, Uzi and Shinar, Hadassah and Navon, Gil},
    number = {1},
    pages = {60--67},
    volume = {107},
    doi = {10.1006/JMRB.1995.1058},
    issn = {10641866}
}

@article{Mahar2021DeuteratedGlucose,
    title = {{Deuterated water imaging of the rat brain following metabolism of [2H7] glucose}},
    year = {2021},
    journal = {Magnetic Resonance in Medicine},
    author = {Mahar, Rohit and Zeng, Huadong and Giacalone, Anthony and Ragavan, Mukundan and Mareci, Thomas H. and Merritt, Matthew E.},
    number = {6},
    month = {6},
    pages = {3049--3059},
    volume = {85},
    publisher = {John Wiley and Sons Inc},
    doi = {10.1002/mrm.28700},
    issn = {15222594},
    pmid = {33576535},
    keywords = {DMRI, HDO, [2H7]glucose, brain, metabolism}
}

@article{Kselikova2019DeuteriumOrganisms,
    title = {{Deuterium and its impact on living organisms}},
    year = {2019},
    journal = {Folia Microbiologica},
    author = {Ksel{\'{i}}kov{\'{a}}, Veronika and V{\'{i}}tov{\'{a}}, Milada and Bi{\v{s}}ov{\'{a}}, Kateřina},
    number = {5},
    month = {9},
    pages = {673--681},
    volume = {64},
    publisher = {Springer},
    url = {https://link.springer.com/article/10.1007/s12223-019-00740-0},
    doi = {10.1007/S12223-019-00740-0/TABLES/2},
    issn = {18749356},
    pmid = {31352668},
    keywords = {Applied Microbiology, Environmental Engineering/Biotechnology, Immunology, Life Sciences, Microbiology, general}
}

@article{Schoenheimer1935DeuteriumMetabolism,
    title = {{Deuterium as an indicator in the study of intermediary metabolism}},
    year = {1935},
    journal = {Science},
    author = {Schoenheimer, Rudolf and Rittenberg, David},
    number = {2120},
    pages = {156--157},
    volume = {82},
    doi = {10.1126/science.82.2120.156},
    issn = {00368075}
}

@article{Gursan2023DeuteriumT,
    title = {{Deuterium body array for the simultaneous measurement of hepatic and renal glucose metabolism and gastric emptying with dynamic 3D deuterium metabolic imaging at 7 T}},
    year = {2023},
    journal = {NMR in Biomedicine},
    author = {Gursan, Ayhan and Hendriks, Arjan D and Welting, Dimitri and de Jong, Pim A and J Klomp, Dennis W and Prompers, Jeanine J and Jeanine Prompers, Correspondence J},
    month = {4},
    pages = {e4926},
    publisher = {John Wiley {\&} Sons, Ltd},
    url = {https://onlinelibrary.wiley.com/doi/full/10.1002/nbm.4926 https://onlinelibrary.wiley.com/doi/abs/10.1002/nbm.4926 https://analyticalsciencejournals.onlinelibrary.wiley.com/doi/10.1002/nbm.4926},
    doi = {10.1002/NBM.4926},
    issn = {1099-1492},
    pmid = {36929629},
    keywords = {deuterium metabolic imaging, gastric emptying, glucose metabolism, kidney, liver}
}

@article{Cocking2023DeuteriumDosing,
    title = {{Deuterium brain imaging at 7T during D2O dosing}},
    year = {2023},
    journal = {Magnetic Resonance in Medicine},
    author = {Cocking, Daniel and Damion, Robin A. and Franks, Hester and Jaconelli, Matthew and Wilkinson, Daniel and Brook, Matthew and Auer, Dorothee P. and Bowtell, Richard},
    number = {4},
    pages = {1514--1521},
    volume = {89},
    publisher = {John Wiley and Sons Inc},
    doi = {10.1002/MRM.29539},
    issn = {15222594},
    pmid = {36426762},
    keywords = {D2O loading, MEGE, deuterium (2H), heavy water, human brain, relaxation times}
}

@article{Min2023Deuterium7T,
    title = {{Deuterium echo-planar spectroscopic imaging (EPSI) in the human liver in vivo at 7T}},
    year = {2023},
    journal = {Magnetic Resonance in Medicine},
    author = {Min, Kyung and Gursan, Nam Ayhan and Bhogal, Alex A and Wijnen, Jannie P and Klomp, Dennis W J and Prompers, Jeanine J and Hendriks, Arjan D},
    number = {3},
    pages = {863--874},
    volume = {90},
    url = {https://onlinelibrary.wiley.com/doi/10.1002/mrm.29696},
    doi = {10.1002/mrm.29696}
}

@article{Montrazi2023DeuteriumDimensions,
    title = {{Deuterium imaging of the Warburg effect at sub-millimolar concentrations by joint processing of the kinetic and spectral dimensions}},
    year = {2023},
    journal = {NMR in Biomedicine},
    author = {Montrazi, Elton T. and Bao, Qingjia and Martinho, Ricardo P. and Peters, Dana C. and Harris, Talia and Sasson, Keren and Agemy, Lilach and Scherz, Avigdor and Frydman, Lucio},
    pages = {e4995},
    publisher = {John Wiley {\&} Sons, Ltd},
    url = {https://onlinelibrary.wiley.com/doi/full/10.1002/nbm.4995 https://onlinelibrary.wiley.com/doi/abs/10.1002/nbm.4995 https://analyticalsciencejournals.onlinelibrary.wiley.com/doi/10.1002/nbm.4995},
    doi = {10.1002/NBM.4995},
    issn = {1099-1492},
    pmid = {37401393},
    keywords = {ME, bSSFP, deuterium metabolic imaging, image denoising, metabolic fluxes, pancreatic cancer}
}

@article{Laissue1979DeuteriumMice,
    title = {{Deuterium isotope effects on lymphoid tissues and humoral antibody responses in mice}},
    year = {1979},
    journal = {Virchows Archiv. A, Pathological anatomy and histology},
    author = {Laissue, J. A. and Stoner, R. D.},
    number = {2},
    month = {6},
    pages = {149--166},
    volume = {383},
    publisher = {Virchows Arch A Pathol Anat Histol},
    url = {https://pubmed.ncbi.nlm.nih.gov/157619/},
    doi = {10.1007/BF01200896},
    issn = {0340-1227},
    pmid = {157619},
    keywords = {Animals, Antibody Formation / drug effects*, Body Temperature, Body Weight, Deuterium / pharmacology*, Female, J A Laissue, Lymphoid Tissue / drug effects*, Lymphopenia / etiology, MEDLINE, Mice, NCBI, NIH, NLM, National Center for Biotechnology Information, National Institutes of Health, National Library of Medicine, Organ Size, PubMed Abstract, R D Stoner, Specific Pathogen-Free Organisms, Spleen / pathology, Tetanus Toxoid, Thymus Gland / pathology, Time Factors, doi:10.1007/BF01200896, pmid:157619}
}

@article{Bednarik2021DeuteriumBrain,
    title = {{Deuterium labeling enables non-invasive 3D proton MR imaging of glucose and neurotransmitter metabolism in the human brain}},
    year = {2021},
    journal = {Research Square},
    author = {Bednarik, Petr and Goranovic, Dario and Sv{\'{a}}tkov{\'{a}}, Alena and Niess, Fabian and Hingerl, Lukas and Strasser, Bernhard and Martinos, A A and Spurny-Dworak, Benjamin and Trattnig, Siegfried and Hangel, Gilbert and Scherer, Thomas and Lanzenberger, Rupert and Bogner, Wolfgang},
    url = {https://doi.org/10.21203/rs.3.rs-1027370/v1},
    doi = {10.21203/rs.3.rs-1027370/v1}
}

@article{Markovic2021DeuteriumMice,
    title = {{Deuterium magnetic resonance imaging and the discrimination of fetoplacental metabolism in normal and l-name-induced preeclamptic mice}},
    year = {2021},
    journal = {Metabolites},
    author = {Markovic, Stefan and Roussel, Tangi and Neeman, Michal and Frydman, Lucio},
    number = {6},
    month = {6},
    volume = {11},
    publisher = {MDPI AG},
    doi = {10.3390/metabo11060376},
    issn = {22181989},
    keywords = {Deuterium metabolic imaging, Fetal metabolism, Placental transport, Preeclampsia, Pregnancy}
}

@article{Asano2023DeuteriumStrength,
    title = {{Deuterium Magnetic Resonance Imaging Using Deuterated Water-Induced 2H-Tissue Labeling Allows Monitoring Cancer Treatment at Clinical Field Strength}},
    year = {2023},
    journal = {Clinical Cancer Research},
    author = {Asano, Hirofumi and Elhelaly, Abdelazim Elsayed. and Hyodo, Fuminori and Iwasaki, Ryota and Noda, Yoshifumi and Kato, Hiroki and Ichihashi, Koki and Tomita, Hiroyuki and Murata, Masaharu and Mori, Takashi and Matsuo, Masayuki},
    month = {9},
    url = {https://dx.doi.org/10.1158/1078-0432.CCR-23-1635},
    isbn = {0120330644},
    doi = {10.1158/1078-0432.CCR-23-1635},
    issn = {1078-0432},
    keywords = {2 H, C26, D 2 O, DMI, MIA PaCa-2, NMR, cancer imaging, cancer metabolism, cancer treatment, deuterium MRI, heavy water, in vivo, metabolomics, theranostics, translational medicine}
}

@article{Seelig1977DeuteriumMembranes,
    title = {{Deuterium magnetic resonance: Theory and application to lipid membranes}},
    year = {1977},
    journal = {Quarterly Reviews of Biophysics},
    author = {Seelig, Joachim},
    number = {3},
    pages = {353--418},
    volume = {10},
    doi = {10.1017/S0033583500002948},
    issn = {14698994},
    pmid = {335428}
}

@article{DeFeyter2018DeuteriumVivo,
    title = {{Deuterium metabolic imaging (DMI) for MRI-based 3D mapping of metabolism in vivo}},
    year = {2018},
    journal = {Science Advances},
    author = {De Feyter, Henk M. and Behar, Kevin L. and Corbin, Zachary A. and Fulbright, Robert K. and Brown, Peter B. and McIntyre, Scott and Nixon, Terence W. and Rothman, Douglas L. and De Graaf, Robin A.},
    number = {8},
    month = {8},
    volume = {4},
    publisher = {American Association for the Advancement of Science},
    doi = {10.1126/sciadv.aat7314},
    issn = {23752548},
    pmid = {30140744}
}

@inproceedings{DeFeyter2020DeuteriumBrain,
    title = {{Deuterium Metabolic Imaging (DMI) of glucose metabolism in mouse brain}},
    year = {2020},
    booktitle = {In Proceedings of the 28th Annual Meeting of ISMRM},
    author = {De Feyter, Henk M. and Thomas, Monique A. and Brown, Peter B. and Khunte, Akshay and De Graaf, Robin A.},
    pages = {4713}
}

@article{Kaggie2022DeuteriumMetabolism,
    title = {{Deuterium metabolic imaging and hyperpolarized 13 C-MRI of the normal human brain at clinical field strength reveals differential cerebral metabolism}},
    year = {2022},
    journal = {NeuroImage},
    author = {Kaggie, Joshua D and Khan, Alixander S and Matys, Tomasz and Schulte, Rolf F and Locke, Matthew J and Grimmer, Ashley and Frary, Amy and Menih, Ines Horvat and Latimer, Elizabeth and Graves, Martin J and Mclean, Mary A and Gallagher, Ferdia A},
    pages = {119284},
    volume = {257},
    url = {https://doi.org/10.1016/j.neuroimage.2022.119284},
    doi = {10.1016/j.neuroimage.2022.119284}
}

@article{Ruhm2021DeuteriumResolution,
    title = {{Deuterium metabolic imaging in the human brain at 9.4 Tesla with high spatial and temporal resolution}},
    year = {2021},
    journal = {NeuroImage},
    author = {Ruhm, Loreen and Avdievich, Nikolai and Ziegs, Theresia and Nagel, Armin M. and De Feyter, Henk M. and de Graaf, Robin A. and Henning, Anke},
    month = {12},
    volume = {244},
    publisher = {Academic Press Inc.},
    doi = {10.1016/j.neuroimage.2021.118639},
    issn = {10959572},
    pmid = {34637905},
    keywords = {9.4 Tesla, DMI, Deuterium, Human brain, Oral glucose administration, TCA cycle}
}

@article{Straathof2021DeuteriumBrain,
    title = {{Deuterium Metabolic Imaging of the Healthy and Diseased Brain}},
    year = {2021},
    journal = {Neuroscience},
    author = {Straathof, Milou and Meerwaldt, Anu E. and De Feyter, Henk M. and de Graaf, Robin A. and Dijkhuizen, Rick M.},
    month = {10},
    pages = {94--99},
    volume = {474},
    publisher = {Elsevier Ltd},
    doi = {10.1016/j.neuroscience.2021.01.023},
    issn = {18737544},
    pmid = {33493618},
    keywords = {MR spectroscopy, MRI, brain metabolism, deuterium, stroke, tumor}
}

@article{Roig2022Deuterium7T,
    title = {{Deuterium metabolic imaging of the human brain in vivo at 7T}},
    year = {2022},
    journal = {Magnetic Resonance in Medicine},
    author = {Roig, Eulalia Serés and De Feyter, Henk M. and Nixon, Terence W. and Ruhm, Loreen and Nikulin, Anton V. and Scheffler, Klaus and Avdievich, Nikolai I. and Henning, Anke and de Graaf, Robin A.},
    month = {9},
    url = {https://onlinelibrary.wiley.com/doi/10.1002/mrm.29439},
    doi = {10.1002/MRM.29439},
    issn = {0740-3194}
}

@article{DeFeyter2021DeuteriumFuture,
    title = {{Deuterium metabolic imaging – Back to the future}},
    year = {2021},
    journal = {Journal of Magnetic Resonance},
    author = {De Feyter, Henk M. and de Graaf, Robin A.},
    month = {5},
    volume = {326},
    publisher = {Academic Press Inc.},
    doi = {10.1016/j.jmr.2021.106932},
    issn = {10960856},
    pmid = {33902815},
    keywords = {Deuterium, Glucose, Label loss, Metabolic imaging, Relaxation}
}

@misc{Polvoy2021DeuteriumTool,
    title = {{Deuterium metabolic imaging—Rediscovery of a spectroscopic tool}},
    year = {2021},
    booktitle = {Metabolites},
    author = {Polvoy, Ilona and Qin, Hecong and Flavell, Robert R. and Gordon, Jeremy and Viswanath, Pavithra and Sriram, Renuka and Ohliger, Michael A. and Wilson, David M.},
    number = {9},
    month = {9},
    volume = {11},
    publisher = {MDPI},
    doi = {10.3390/metabo11090570},
    issn = {22181989},
    keywords = {Deuterium, Imaging, Magnetic resonance, Metabolism, Spectroscopy}
}

@article{Baum1979DeuteriumBabies,
    title = {{Deuterium method for measuring milk intake in babies}},
    year = {1979},
    journal = {Lancet (London, England)},
    author = {Baum, David and Dobbing, John and Coward, W. A.},
    number = {8137},
    month = {8},
    pages = {309},
    volume = {2},
    publisher = {Lancet},
    url = {https://pubmed.ncbi.nlm.nih.gov/88642/},
    doi = {10.1016/S0140-6736(79)90327-1},
    issn = {0140-6736},
    pmid = {88642},
    keywords = {Breast Feeding*, D Baum, Deuterium / administration {\&} dosage*, Deuterium / adverse effects, Female, Humans, Infant, J Dobbing, Letter, MEDLINE, NCBI, NIH, NLM, National Center for Biotechnology Information, National Institutes of Health, National Library of Medicine, PubMed Abstract, Risk, W A Coward, doi:10.1016/s0140-6736(79)90327-1, pmid:88642}
}

@article{Ewy1988DeuteriumSitu,
    title = {{Deuterium NMR Cerebral Imaging in Situ}},
    year = {1988},
    journal = {Magnetic Resonance in Medicine},
    author = {Ewy, Coleen S and Ackerman, Joseph J H and Balaban{\~{}}, Robert S},
    number = {1},
    pages = {35--44},
    volume = {8}
}

@article{Ackerman1987DeuteriumTracer.,
    title = {{Deuterium nuclear magnetic resonance measurements of blood flow and tissue perfusion employing 2H2O as a freely diffusible tracer.}},
    year = {1987},
    journal = {Proceedings of the National Academy of Sciences of the United States of America},
    author = {Ackerman, J. J.H. and Ewy, C. S. and Becker, N. N. and Shalwitz, R. A.},
    number = {12},
    pages = {4099},
    volume = {84},
    publisher = {National Academy of Sciences},
    url = {/pmc/articles/PMC305030/?report=abstract https://www.ncbi.nlm.nih.gov/pmc/articles/PMC305030/},
    doi = {10.1073/PNAS.84.12.4099},
    issn = {00278424},
    pmid = {3035569}
}

@article{Eldirdiri2018DevelopmentScanner,
    title = {{Development of a Symmetric Echo-Planar Spectroscopy Imaging Framework for Hyperpolarized 13C Imaging in a Clinical PET/MR Scanner}},
    year = {2018},
    journal = {Tomography (Ann Arbor, Mich.)},
    author = {Eldirdiri, Abubakr and Posse, Stefan and Hanson, Lars G. and Hansen, Rie B. and Holst, Pernille and Sch{\o}ier, Christina and Kristensen, Annemarie T. and Johannesen, Helle Hjorth and Kjaer, Andreas and Hansen, Adam E. and Ardenkjaer-Larsen, Jan Henrik},
    number = {3},
    month = {9},
    pages = {110--122},
    volume = {4},
    publisher = {NLM (Medline)},
    doi = {10.18383/j.tom.2018.00006},
    issn = {2379139X},
    pmid = {30320211},
    keywords = {PET/MRI, cancer, echo-planar spectroscopic imaging, hyperPET, hyperpolarization, metabolic imaging, molecular imaging, regridding}
}

@article{White2016DifferencesWomen,
    title = {{Differences in In Vivo Cellular Kinetics in Abdominal and Femoral Subcutaneous Adipose Tissue in Women}},
    year = {2016},
    journal = {Diabetes},
    author = {White, Ursula A. and Fitch, Mark D. and Beyl, Robbie A. and Hellerstein, Marc K. and Ravussin, Eric},
    number = {6},
    month = {6},
    pages = {1642},
    volume = {65},
    publisher = {American Diabetes Association},
    url = {/pmc/articles/PMC4878415/ /pmc/articles/PMC4878415/?report=abstract https://www.ncbi.nlm.nih.gov/pmc/articles/PMC4878415/},
    doi = {10.2337/DB15-1617},
    issn = {1939327X},
    pmid = {26993068}
}

@article{Loomba2019DiscoveryLabeling,
    title = {{Discovery of Half-life of Circulating Hepatitis B Surface Antigen in Patients With Chronic Hepatitis B Infection Using Heavy Water Labeling}},
    year = {2019},
    journal = {Clinical Infectious Diseases },
    author = {Loomba, Rohit and Decaris, Martin and Li, Kelvin W and Shankaran, Mahalakshmi and Mohammed, Hussein and Matthews, Marcy and Richards, Lisa M and Nguyen, Phirum and Rizo, Emily and Andrews, Barbara and Soto, Robin and Angel, Thomas and Suri, Vithika and Kitrinos, Kathryn M and Barnes, Dwight and Czerwieniec, Gregg and Brendza, Kathy and Subramanian, G Mani and Gaggar, Anuj and Hellerstein, Marc K},
    number = {3},
    pages = {542--547},
    volume = {69},
    doi = {10.1093/cid/ciy1100}
}

@article{Ge2022DistinguishingModel,
    title = {{Distinguishing Tumor Admixed in a Radiation Necrosis (RN) Background: 1H and 2H MR With a Novel Mouse Brain-Tumor/RN Model}},
    year = {2022},
    journal = {Frontiers in Oncology},
    author = {Ge, Xia and Song, Kyu Ho and Engelbach, John A. and Yuan, Liya and Gao, Feng and Dahiya, Sonika and Rich, Keith M. and Ackerman, Joseph J.H. and Garbow, Joel R.},
    month = {5},
    pages = {2349},
    volume = {12},
    publisher = {Frontiers Media S.A.},
    doi = {10.3389/FONC.2022.885480/BIBTEX},
    issn = {2234943X},
    keywords = {MRI, deuterium, metabolic imaging, radiation necrosis, tumor}
}

@article{Ooms2015DoubleTissue,
    title = {{Double and zero quantum filtered 2H NMR analysis of D2O in intervertebral disc tissue}},
    year = {2015},
    journal = {Journal of Magnetic Resonance},
    author = {Ooms, Kristopher J. and Vega, Alexander J. and Polenova, Tatyana and Cannella, Marco and Marcolongo, Michele},
    month = {7},
    pages = {6--11},
    volume = {258},
    publisher = {Academic Press Inc.},
    doi = {10.1016/j.jmr.2015.05.013},
    issn = {10960856},
    pmid = {26150377},
    keywords = {Collagen hydration, DQF/ZQF NMR, Degenerative disc disease, Residual quadrupolar couplings, Spinal disc tissue, T2 relaxation}
}

@inproceedings{Damion2022DoubleLoading,
    title = {{Double Quantum Filtered 2H Measurements in Human Subjects Following Deuterium Oxide Loading}},
    year = {2022},
    booktitle = {In Proceedings of the 30th Annual Meeting of ISMRM},
    author = {Damion, Robin and Cocking, Daniel and Franks, Hester and Wilkinson, Daniel and Brook, Matthew and Auer, Dorothee and Bowtell, Richard},
    pages = {1351},
    address = {London, UK}
}

@article{Brender2019DynamicHyperpolarization,
    title = {{Dynamic Imaging of Glucose and Lactate Metabolism by 13 C-MRs without Hyperpolarization}},
    year = {2019},
    journal = {Scientific Reports},
    author = {Brender, Jeffrey R and Kishimoto, shun and Merkle, Hellmut and Reed, Galen and Hurd, Ralph E and Chen, Albert P and Henrik Ardenkjaer-Larsen, Jan and Munasinghe, Jeeva and saito, Keita and seki, tomohiro and oshima, Nobu and Yamamoto, Kazutoshi and Choyke, Peter L and Mitchell, James and Krishna, Murali C},
    number = {1},
    pages = {3410},
    volume = {9},
    url = {https://doi.org/10.1038/s41598-019-38981-1},
    doi = {10.1038/s41598-019-38981-1}
}

@article{Ruhm2022Dynamic9.4T,
    title = {{Dynamic observation of 2H labelled compounds in the human brain with 1H versus 2H magnetic resonance spectroscopy at 9.4T}},
    year = {2022},
    journal = {bioRxiv},
    author = {Ruhm, Loreen and Ziegs, Theresia and Wright, Andrew Martin and Mathy, Claudius Sebastian and Murali-Manohar, Saipavitra and Dorst, Johanna and Avdievich, Nikolai and Henning, Anke and Mr, High-Field},
    url = {https://doi.org/10.1101/2022.01.24.477582},
    doi = {10.1101/2022.01.24.477582},
    keywords = {DMI, MRS, QELT, TCA cycle, ultrahigh field}
}

@misc{White2019DynamicsDisease,
    title = {{Dynamics of adipose tissue turnover in human metabolic health and disease}},
    year = {2019},
    booktitle = {Diabetologia},
    author = {White, Ursula and Ravussin, Eric},
    number = {1},
    month = {1},
    pages = {17--23},
    volume = {62},
    publisher = {Springer Verlag},
    doi = {10.1007/s00125-018-4732-x},
    issn = {14320428},
    pmid = {30267179},
    keywords = {Adipocyte, Adipocyte death, Adipose kinetics, Adipose lipid turnover, Adipose tissue, Metabolic disease, Metabolic health, Obesity, Review, Triacylglycerol}
}

@article{Arner2011DynamicsDisease,
    title = {{Dynamics of human adipose lipid turnover in health and metabolic disease}},
    year = {2011},
    journal = {Nature},
    author = {Arner, Peter and Bernard, Samuel and Salehpour, Mehran and Possnert, Göran and Liebl, Jakob and Steier, Peter and Buchholz, Bruce A. and Eriksson, Mats and Arner, Erik and Hauner, Hans and Skurk, Thomas and Ryd{\'{e}}n, Mikael and Frayn, Keith N. and Spalding, Kirsty L.},
    number = {7367},
    month = {10},
    pages = {110--113},
    volume = {478},
    publisher = {Nature},
    url = {https://pubmed.ncbi.nlm.nih.gov/21947005/},
    doi = {10.1038/NATURE10426},
    issn = {1476-4687},
    pmid = {21947005},
    keywords = {80 and over, Adipocytes / chemistry, Adipocytes / metabolism, Adipose Tissue / cytology, Adipose Tissue / metabolism*, Adolescent, Adult, Aged, Carbon Radioisotopes / analysis, Cell Size, Cellular Senescence, Child, Cohort Studies, DNA / chemistry, Dyslipidemias / metabolism, Dyslipidemias / pathology, Extramural, Familial Combined / genetics, Familial Combined / metabolism, Familial Combined / pathology, Health*, Humans, Hyperlipidemia, Kirsty L Spalding, Lipid Metabolism*, Lipolysis, MEDLINE, Metabolic Diseases / metabolism*, Middle Aged, N.I.H., NCBI, NIH, NLM, National Center for Biotechnology Information, National Institutes of Health, National Library of Medicine, Non-P.H.S., Non-U.S. Gov't, Nuclear Weapons, Obesity / metabolism, PMC3773935, Peter Arner, Preschool, PubMed Abstract, Research Support, Samuel Bernard, Subcutaneous Fat / metabolism, Time Factors, Triglycerides / analysis, Triglycerides / metabolism, U.S. Gov't, Young Adult, doi:10.1038/nature10426, pmid:21947005}
}

@article{Mulkern2001EchoImaging,
    title = {{Echo planar spectroscopic imaging}},
    year = {2001},
    journal = {Concepts in Magnetic Resonance},
    author = {Mulkern, Robert V. and Panych, Lawrence P.},
    number = {4},
    month = {1},
    pages = {213--237},
    volume = {13},
    publisher = {John Wiley {\&} Sons, Ltd},
    url = {https://onlinelibrary.wiley.com/doi/full/10.1002/cmr.1011 https://onlinelibrary.wiley.com/doi/abs/10.1002/cmr.1011 https://onlinelibrary.wiley.com/doi/10.1002/cmr.1011},
    doi = {10.1002/CMR.1011},
    issn = {1099-0534},
    keywords = {chemical shift imaging, echo planar, fast spectroscopic imaging, magnetic resonance}
}

@article{Stehling1991Echo-planarSecond,
    title = {{Echo-planar imaging: magnetic resonance imaging in a fraction of a second}},
    year = {1991},
    journal = {Science (New York, N.Y.)},
    author = {Stehling, Michael K. and Turner, Robert and Mansfield, Peter},
    number = {5028},
    pages = {43--50},
    volume = {254},
    publisher = {Science},
    url = {https://pubmed.ncbi.nlm.nih.gov/1925560/},
    doi = {10.1126/SCIENCE.1925560},
    issn = {0036-8075},
    pmid = {1925560},
    keywords = {Diffusion, Humans, M K Stehling, MEDLINE, Magnetic Resonance Imaging / methods*, Motion, NCBI, NIH, NLM, National Center for Biotechnology Information, National Institutes of Health, National Library of Medicine, P Mansfield, PubMed Abstract, R Turner, Regional Blood Flow, Review, Time Factors, doi:10.1126/science.1925560, pmid:1925560}
}

@article{Calvin1959EffectBonds,
    title = {{Effect of Deuterium on the Strength of Hydrogen Bonds}},
    year = {1959},
    journal = {Journal of the American Chemical Society},
    author = {Calvin, Melvin and Hermans, Jan and Scheraga, Harold A.},
    number = {19},
    pages = {5048--5050},
    volume = {81},
    publisher = {American Chemical Society},
    url = {https://pubs.acs.org/doi/abs/10.1021/ja01528a009},
    doi = {10.1021/JA01528A009/ASSET/JA01528A009.FP.PNG{\_}V03},
    issn = {15205126}
}

@article{Czajka1960EffectMice,
    title = {{Effect of deuterium oxide on the reproductive potential of mice}},
    year = {1960},
    journal = {Annals of the New York Academy of Sciences},
    author = {Czajka, Dorice M. and Finkel, Asher J.},
    number = {16},
    pages = {770--779},
    volume = {84},
    publisher = {Ann N Y Acad Sci},
    url = {https://pubmed.ncbi.nlm.nih.gov/13719049/},
    doi = {10.1111/J.1749-6632.1960.TB39109.X},
    issn = {0077-8923},
    pmid = {13719049},
    keywords = {A J FINKEL, Animals, D M CZAJKA, Deuterium / pharmacology*, Deuterium Oxide*, Fetus / pharmacology*, MEDLINE, Mice, NCBI, NIH, NLM, National Center for Biotechnology Information, National Institutes of Health, National Library of Medicine, Pregnancy / physiology, PubMed Abstract, Reproduction*, doi:10.1111/j.1749-6632.1960.tb39109.x, pmid:13719049}
}

@article{Sappey-Marinier1992EffectSpectroscopy,
    title = {{Effect of photic stimulation on human visual cortex lactate and phosphates using 1H and 31P magnetic resonance spectroscopy}},
    year = {1992},
    journal = {Journal of Cerebral Blood Flow and Metabolism},
    author = {Sappey-Marinier, D. and Calabrese, G. and Fein, G. and Hugg, J. W. and Biggins, C. and Weiner, M. W.},
    number = {4},
    pages = {584--592},
    volume = {12},
    publisher = {Lippincott Williams and Wilkins},
    doi = {10.1038/JCBFM.1992.82},
    issn = {0271678X},
    pmid = {1618937},
    keywords = {31 MRS, Brain, Evoked potential, Human, Lactate, Metabolism, Mri-proton and phosphorus, NMR, VOl, volume of interest, Visual cortex}
}

@article{Goryawala2020EffectsFitting,
    title = {{Effects of apodization smoothing and denoising on spectral fitting}},
    year = {2020},
    journal = {Magnetic resonance imaging},
    author = {Goryawala, Mohammed and Sullivan, Molly and Maudsley, Andrew A.},
    month = {7},
    pages = {108--114},
    volume = {70},
    publisher = {Magn Reson Imaging},
    url = {https://pubmed.ncbi.nlm.nih.gov/32333950/},
    doi = {10.1016/J.MRI.2020.04.013},
    issn = {1873-5894},
    pmid = {32333950},
    keywords = {Algorithms, Andrew A Maudsley, Aspartic Acid / analogs {\&} derivatives, Aspartic Acid / metabolism, Brain / diagnostic imaging, Brain / metabolism, Extramural, Humans, Image Enhancement / methods*, MEDLINE, Magnetic Resonance Imaging*, Mohammed Goryawala, Molly Sullivan, N.I.H., NCBI, NIH, NLM, National Center for Biotechnology Information, National Institutes of Health, National Library of Medicine, Normal Distribution, PMC7311312, Principal Component Analysis, PubMed Abstract, Research Support, Signal-To-Noise Ratio*, doi:10.1016/j.mri.2020.04.013, pmid:32333950}
}

@article{Papoti2010EffectsInductance,
    title = {{Effects of crossing saddle coil conductors: Electric length × mutual inductance}},
    year = {2010},
    journal = {Concepts in Magnetic Resonance Part B: Magnetic Resonance Engineering},
    author = {Papoti, Daniel and Vidoto, Edson Luiz Gea and Martins, Mateus José and Tann{\'{u}}s, Alberto},
    number = {3},
    month = {8},
    pages = {193--201},
    volume = {37 B},
    doi = {10.1002/cmr.b.20168},
    issn = {15525031},
    keywords = {Field homogeneity, MRI of small animals, Mutual inductance, RF coils}
}

@article{Adams1988EffectsMouse,
    title = {{Effects of deuteration on hematopoiesis in the mouse}},
    year = {1988},
    journal = {The Journal of pharmacology and experimental therapeutics},
    author = {Adams, W H and Adams, D G},
    number = {2},
    pages = {633--639},
    volume = {244},
    publisher = {Williams Wilkins},
    url = {http://scienceon.kisti.re.kr/srch/selectPORSrchArticle.do?cn=NART44971367},
    issn = {0022-3565}
}

@article{Carr1954EffectsExperiments,
    title = {{Effects of Diffusion on Free Precession in Nuclear Magnetic Resonance Experiments}},
    year = {1954},
    journal = {Physical Review},
    author = {Carr, H. Y. and Purcell, E. M.},
    number = {3},
    month = {5},
    pages = {630},
    volume = {94},
    publisher = {American Physical Society},
    url = {https://journals.aps.org/pr/abstract/10.1103/PhysRev.94.630},
    doi = {10.1103/PhysRev.94.630},
    issn = {0031899X}
}

@article{Hartmann2005EffectsCells,
    title = {{Effects of Heavy Water (D2O) on Human Pancreatic Tumor Cells}},
    year = {2005},
    journal = {Anticancer Research},
    author = {Hartmann, Johannes and Bader, Yvonne and Horvath, Zsuzsanna and Saiko, Philipp and Grusch, Michael and Illmer, Christoph and Madlener, Sibylle and Fritzer-Szekeres, Monika and Heller, Nicole and Alken, Rudolf Giesbert and Szekeres, Thomas},
    number = {5},
    month = {9},
    pages = {3407--3411},
    volume = {25},
    publisher = {International Institute of Anticancer Research},
    url = {https://ar.iiarjournals.org/content/25/5/3407 https://ar.iiarjournals.org/content/25/5/3407.abstract},
    issn = {0250-7005},
    pmid = {16101156},
    keywords = {Apoptosis, AsPC-1, BxPC-3 and PANC-1 cells, Cell cycle distribution, Heavy water (deuterium oxide, D2O), Pancreatic cancer}
}

@article{Hodel1982EffectsMice,
    title = {{Effects of prolonged moderate body deuteration on proliferative activity in major cell renewal systems in mice}},
    year = {1982},
    journal = {Life sciences},
    author = {Hodel, A. and Gebbers, J. O. and Cottier, H. and Laissue, J. A.},
    number = {23},
    month = {6},
    pages = {1987--1996},
    volume = {30},
    publisher = {Life Sci},
    url = {https://pubmed.ncbi.nlm.nih.gov/6213828/},
    doi = {10.1016/0024-3205(82)90438-6},
    issn = {0024-3205},
    pmid = {6213828},
    keywords = {A Hodel, Animals, Antibody Formation / drug effects, Autoradiography, Body Weight / drug effects, Bone Marrow / metabolism, Cell Division / drug effects*, Comparative Study, DNA / biosynthesis, DNA Replication / drug effects, Deuterium / adverse effects*, Deuterium / metabolism, Drinking / drug effects, Female, Intestine, J A Laissue, J O Gebbers, MEDLINE, Mice, NCBI, NIH, NLM, National Center for Biotechnology Information, National Institutes of Health, National Library of Medicine, Non-U.S. Gov't, PubMed Abstract, Research Support, Small / metabolism, Specific Pathogen-Free Organisms, Tetanus Toxoid / immunology, Thymidine / metabolism, Thymus Gland / metabolism, doi:10.1016/0024-3205(82)90438-6, pmid:6213828}
}

@article{Reschke2014EffectsSystems,
    title = {{Effects of Sex and Gender on Adaptation to Space: Neurosensory Systems}},
    year = {2014},
    journal = {Journal of Women's Health},
    author = {Reschke, Millard F. and Cohen, Helen S. and Cerisano, Jody M. and Clayton, Janine A. and Cromwell, Ronita and Danielson, Richard W. and Hwang, Emma Y. and Tingen, Candace and Allen, John R. and Tomko, David L.},
    number = {11},
    month = {11},
    pages = {959},
    volume = {23},
    publisher = {Mary Ann Liebert, Inc.},
    url = {/pmc/articles/PMC4236059/ /pmc/articles/PMC4236059/?report=abstract https://www.ncbi.nlm.nih.gov/pmc/articles/PMC4236059/},
    doi = {10.1089/JWH.2014.4908},
    issn = {1931843X},
    pmid = {25401941}
}

@article{Bader2007EfficientTensors,
    title = {{Efficient MATLAB Computations with Sparse and Factored Tensors}},
    year = {2007},
    journal = {SIAM Journal on Scientific Computing},
    author = {Bader, Brett W. and Kolda, Tamara G.},
    number = {1},
    month = {12},
    pages = {205--231},
    volume = {30},
    publisher = {Society for Industrial and Applied Mathematics},
    url = {https://epubs.siam.org/doi/10.1137/060676489},
    doi = {10.1137/060676489},
    issn = {10648275},
    keywords = {15A69, 65F50, 68P05, MATLAB classes, Tucker model, canonical decomposition (CANDECOMP), multilinear algebraic computations, parallel factors (PARAFAC) model, sparse multidimensional arrays, tensor decompositions}
}

@article{Lawitz2022ElevatedPatients,
    title = {{Elevated de novo lipogenesis, slow liver triglyceride turnover, and clinical correlations in nonalcoholic steatohepatitis patients}},
    year = {2022},
    journal = {Journal of Lipid Research},
    author = {Lawitz, Eric J. and Li, Kelvin W. and Nyangau, Edna and Field, Tyler John and Chuang, Jen Chieh and Billin, Andrew and Wang, Lulu and Wang, Ya and Huss, Ryan S. and Chung, Chuhan and Subramanian, G. Mani and Myers, Robert P. and Hellerstein, Marc K.},
    number = {9},
    month = {9},
    volume = {63},
    publisher = {American Society for Biochemistry and Molecular Biology},
    url = {/pmc/articles/PMC9424583/ /pmc/articles/PMC9424583/?report=abstract https://www.ncbi.nlm.nih.gov/pmc/articles/PMC9424583/},
    doi = {10.1016/J.JLR.2022.100250},
    issn = {15397262},
    pmid = {35835205},
    keywords = {NASH, Supplementary key words Fatty acid synthesis, acetyl-CoA carboxylase inhibition, de novo lipogenesis, mass spectrometry, nonalcoholic fatty liver disease, stable isotope use in humans, tracer kinetics, triglycerides}
}

@techreport{Qiu2009EpidemiologyIntervention,
    title = {{Epidemiology of Alzheimer's disease: occurrence, determinants, and strategies toward intervention}},
    year = {2009},
    booktitle = {Dialogues Clin Neurosci},
    author = {Qiu, Chengxuan and Kivipelto, Miia and Von Strauss, Eva},
    pages = {111--128},
    volume = {11},
    url = {www.dialogues-cns.org},
    keywords = {Alzheimer's disease, aging, epidemiology, incidence, intervention, prevalence, psychosocial factor, vascular risk factor}
}

@article{Provencher1993EstimationSpectra,
    title = {{Estimation of metabolite concentrations from localized in vivo proton NMR spectra}},
    year = {1993},
    journal = {Magnetic Resonance in Medicine},
    author = {Provencher, Stephen W.},
    number = {6},
    pages = {672--679},
    volume = {30},
    doi = {10.1002/MRM.1910300604},
    issn = {15222594},
    pmid = {8139448},
    keywords = {NMR, in vivo, quantification, spectroscopy}
}

@article{Bartha1999FactorsFiltering,
    title = {{Factors affecting the quantification of short echo in-vivo 1 H MR spectra: prior knowledge, peak elimination, and filtering}},
    year = {1999},
    journal = {NMR in Biomedicine},
    author = {Bartha, R and Drost, D J and Williamson, P C},
    number = {4},
    pages = {205--216},
    volume = {12},
    url = {https://analyticalsciencejournals.onlinelibrary.wiley.com/doi/10.1002/},
    doi = {10.1002/(SICI)1099-1492(199906)12:4},
    keywords = {1 H, filtering, in-vivo, prior knowledge, quantification, short echo, spectroscopy}
}

@article{Smith2002FastExtraction,
    title = {{Fast robust automated brain extraction}},
    year = {2002},
    journal = {Human Brain Mapping},
    author = {Smith, Stephen M.},
    number = {3},
    month = {11},
    pages = {143--155},
    volume = {17},
    doi = {10.1002/HBM.10062},
    issn = {10659471},
    pmid = {12391568},
    keywords = {Brain segmentation, Cortical surface modeling}
}

@article{Tchkonia2002FatPreadipocytes,
    title = {{Fat depot origin affects adipogenesis in primary cultured and cloned human preadipocytes}},
    year = {2002},
    journal = {American journal of physiology. Regulatory, integrative and comparative physiology},
    author = {Tchkonia, Tamara and Giorgadze, Nino and Pirtskhalava, Tamar and Tchoukalova, Yourka and Karagiannides, Iordanes and Armour Forse, R. and Deponte, Matthew and Stevenson, Michael and Guo, Wen and Han, Jianrong and Waloga, Gerri and Lash, Timothy L. and Jensen, Michael D. and Kirkland, James L.},
    number = {5},
    volume = {282},
    publisher = {Am J Physiol Regul Integr Comp Physiol},
    url = {https://pubmed.ncbi.nlm.nih.gov/11959668/},
    doi = {10.1152/AJPREGU.00653.2001},
    issn = {0363-6119},
    pmid = {11959668},
    keywords = {Adipocytes / cytology*, Adipose Tissue / cytology*, Adipose Tissue / physiology*, Adult, CCAAT-Enhancer-Binding Proteins / metabolism, Carrier Proteins / metabolism, Cell Differentiation / physiology, Cell Division / physiology, Cells, Clone Cells, Cultured, Cytoplasmic and Nuclear / metabolism, Fatty Acid-Binding Protein 7, Fatty Acid-Binding Proteins, Female, Humans, James L Kirkland, MEDLINE, Male, Middle Aged, NCBI, NIH, NLM, National Center for Biotechnology Information, National Institutes of Health, National Library of Medicine, Neoplasm Proteins*, Nino Giorgadze, P.H.S., PubMed Abstract, Receptors, Research Support, Skin*, Stem Cells / cytology*, Tamara Tchkonia, Transcription Factors / metabolism, Tumor Suppressor Proteins*, U.S. Gov't, Viscera*, doi:10.1152/ajpregu.00653.2001, pmid:11959668}
}

@article{Beland-Millar2018FluctuationsStimulation,
    title = {{Fluctuations of extracellular glucose and lactate in the mouse primary visual cortex during visual stimulation}},
    year = {2018},
    author = {B{\'{e}}land-Millar, Alexandria and Messier, Claude},
    url = {https://doi.org/10.1016/j.bbr.2018.02.018},
    doi = {10.1016/j.bbr.2018.02.018}
}

@inproceedings{AnderssonJ2008FNIRT-FMRIBsTool,
    title = {{FNIRT-FMRIB’s non-linear image registration tool}},
    year = {2008},
    booktitle = {Organization for Human Brain Mapping (OHBM)},
    author = {{Andersson J} and {Smith S} and {Jenkinson M}}
}

@article{Bieri2013FundamentalsMRI,
    title = {{Fundamentals of balanced steady state free precession MRI}},
    year = {2013},
    journal = {Journal of magnetic resonance imaging : JMRI},
    author = {Bieri, Oliver and Scheffler, Klaus},
    number = {1},
    month = {7},
    pages = {2--11},
    volume = {38},
    publisher = {J Magn Reson Imaging},
    url = {https://pubmed.ncbi.nlm.nih.gov/23633246/},
    doi = {10.1002/JMRI.24163},
    issn = {1522-2586},
    pmid = {23633246},
    keywords = {Algorithms*, Computer-Assisted / methods*, Computer-Assisted*, Humans, Image Enhancement / methods*, Image Interpretation, Klaus Scheffler, MEDLINE, Magnetic Resonance Imaging / methods*, NCBI, NIH, NLM, National Center for Biotechnology Information, National Institutes of Health, National Library of Medicine, Oliver Bieri, PubMed Abstract, Reproducibility of Results, Review, Sensitivity and Specificity, Signal Processing, doi:10.1002/jmri.24163, pmid:23633246}
}

@article{Simoes2022GlucoseGlioblastoma,
    title = {{Glucose fluxes in glycolytic and oxidative pathways detected in vivo by deuterium magnetic resonance spectroscopy reflect proliferation in mouse glioblastoma}},
    year = {2022},
    journal = {NeuroImage: Clinical},
    author = {Simões, Rui V. and Henriques, Rafael N. and Cardoso, Beatriz M. and Fernandes, Francisca F. and Carvalho, Tânia and Shemesh, Noam},
    month = {1},
    volume = {33},
    publisher = {Elsevier Inc.},
    doi = {10.1016/j.nicl.2021.102932},
    issn = {22131582},
    pmid = {35026626},
    keywords = {Deuterium magnetic resonance spectroscopy, Glioblastoma, Glycolysis, Magnetic resonance imaging, Mitochondrial oxidation}
}

@article{Riis-Vestergaard2020GlucoseRats,
    title = {{Glucose metabolism in brown adipose tissue determined by deuterium metabolic imaging in rats}},
    year = {2020},
    journal = {International Journal of Obesity},
    author = {Riis-Vestergaard, Mette Ji and Laustsen, Christoffer and Mariager, Christian Østergaard and Schulte, Rolf F. and Pedersen, Steen Bønløkke and Richelsen, Bjørn},
    number = {6},
    month = {6},
    pages = {1417--1427},
    volume = {44},
    publisher = {Springer Nature},
    doi = {10.1038/s41366-020-0533-7},
    issn = {14765497},
    pmid = {31965069}
}

@misc{Brenner2012HaematologicalPregnancy,
    title = {{Haematological cancers in pregnancy}},
    year = {2012},
    booktitle = {The Lancet},
    author = {Brenner, Benjamin and Avivi, Irit and Lishner, Michael},
    number = {9815},
    pages = {580--587},
    volume = {379},
    publisher = {Elsevier B.V.},
    doi = {10.1016/S0140-6736(11)61348-2},
    issn = {1474547X},
    pmid = {22325663}
}

@article{Mahar2020HDOMetabolism,
    title = {{HDO production from [2H7] glucose Quantitatively Identifies Warburg Metabolism}},
    year = {2020},
    journal = {Scientific Reports},
    author = {Mahar, Rohit and Donabedian, Patrick L. and Merritt, Matthew E.},
    number = {1},
    month = {12},
    volume = {10},
    publisher = {Nature Research},
    doi = {10.1038/s41598-020-65839-8},
    issn = {20452322},
    pmid = {32483190}
}

@article{Money1974HeavyAlcohol,
    title = {{Heavy water nystagmus and effects of alcohol}},
    year = {1974},
    journal = {Nature},
    author = {Money, K. E. and Myles, W. S.},
    number = {5440},
    pages = {404--405},
    volume = {247},
    publisher = {Nature},
    url = {https://pubmed.ncbi.nlm.nih.gov/4544739/},
    doi = {10.1038/247404A0},
    issn = {0028-0836},
    pmid = {4544739},
    keywords = {Alcohol Drinking*, Deuterium / adverse effects*, Ethanol / pharmacology, Eye Movements, Humans, K E Money, Labyrinth / drug effects, MEDLINE, Male, NCBI, NIH, NLM, National Center for Biotechnology Information, National Institutes of Health, National Library of Medicine, Nystagmus, Pathologic / chemically induced*, PubMed Abstract, Semicircular Canals / drug effects, Vestibule, W S Myles, doi:10.1038/247404a0, pmid:4544739}
}

@article{Aguayo1988HighMetabolism.,
    title = {{High resolution deuterium NMR studies of bacterial metabolism.}},
    year = {1988},
    journal = {The Journal of biological chemistry},
    author = {Aguayo, J B and Gamcsik, M P and Dick, J D},
    number = {36},
    month = {12},
    pages = {19552--7},
    volume = {263},
    issn = {0021-9258},
    pmid = {2904438}
}

@article{Harada1984IdentificationScience,
    title = {{Identification and quantitation by 1H-NMR of metabolites in animal organs and tissues. An application of NMR spectroscopy in forensic science}},
    year = {1984},
    journal = {Forensic science international},
    author = {Harada, H. and Maeiwa, M. and Yoshikawa, K. and Ohsaka, A.},
    number = {1},
    pages = {1--7},
    volume = {24},
    publisher = {Forensic Sci Int},
    url = {https://pubmed.ncbi.nlm.nih.gov/6698447/},
    doi = {10.1016/0379-0738(84)90145-2},
    issn = {0379-0738},
    pmid = {6698447},
    keywords = {A Ohsaka, Animals, Brain Chemistry, Female, Forensic Medicine*, Glucose / analysis, H Harada, Inbred Strains, Kidney / analysis, Lactates / analysis, Liver / analysis, M Maeiwa, MEDLINE, Magnetic Resonance Spectroscopy*, Muscles / analysis, NCBI, NIH, NLM, National Center for Biotechnology Information, National Institutes of Health, National Library of Medicine, Non-U.S. Gov't, Propylene Glycols / analysis, PubMed Abstract, Pyruvates / analysis, Rats, Research Support, Time Factors, Tissue Extracts / analysis*, doi:10.1016/0379-0738(84)90145-2, pmid:6698447}
}

@article{Watson2019IdentificationStars,
    title = {{Identification of strontium in the merger of two neutron stars}},
    year = {2019},
    journal = {Nature 2019 574:7779},
    author = {Watson, Darach and Hansen, Camilla J. and Selsing, Jonatan and Koch, Andreas and Malesani, Daniele B. and Andersen, Anja C. and Fynbo, Johan P.U. and Arcones, Almudena and Bauswein, Andreas and Covino, Stefano and Grado, Aniello and Heintz, Kasper E. and Hunt, Leslie and Kouveliotou, Chryssa and Leloudas, Giorgos and Levan, Andrew J. and Mazzali, Paolo and Pian, Elena},
    number = {7779},
    month = {10},
    pages = {497--500},
    volume = {574},
    publisher = {Nature Publishing Group},
    url = {https://www.nature.com/articles/s41586-019-1676-3},
    doi = {10.1038/s41586-019-1676-3},
    issn = {1476-4687},
    pmid = {31645733},
    arxivId = {1910.10510},
    keywords = {Compact astrophysical objects, Nuclear astrophysics, Transient astrophysical phenomena}
}

@article{Lauterbur1973ImageResonance,
    title = {{Image Formation by Induced Local Interactions: Examples Employing Nuclear Magnetic Resonance}},
    year = {1973},
    journal = {Nature 1973 242:5394},
    author = {Lauterbur, P. C.},
    number = {5394},
    pages = {190--191},
    volume = {242},
    publisher = {Nature Publishing Group},
    url = {https://www.nature.com/articles/242190a0},
    doi = {10.1038/242190a0},
    issn = {1476-4687},
    pmid = {2663289},
    keywords = {Humanities and Social Sciences, Science, multidisciplinary}
}

@article{Shokouhi2014ImagingTomography,
    title = {{Imaging Brain Metabolism and Pathology in Alzheimer’s Disease with Positron Emission Tomography}},
    year = {2014},
    journal = {Journal of Alzheimer's disease {\&} Parkinsonism},
    author = {Shokouhi, S and Claassen, D and Riddle, WR},
    number = {2},
    volume = {4},
    publisher = {NIH Public Access},
    url = {/pmc/articles/PMC4204649/ /pmc/articles/PMC4204649/?report=abstract https://www.ncbi.nlm.nih.gov/pmc/articles/PMC4204649/},
    doi = {10.4172/2161-0460.1000143},
    pmid = {25343059},
    keywords = {Alzheimer's disease, Amyloid-beta plaques, FDG-PET, Mild cognitive impairment, Neurofibrillary tangles, PET radiotracer, Positron emission tomography}
}

@article{Spalding2017ImpactTissue,
    title = {{Impact of fat mass and distribution on lipid turnover in human adipose tissue}},
    year = {2017},
    journal = {Nature communications},
    author = {Spalding, Kirsty L. and Bernard, Samuel and N{\"{a}}slund, Erik and Salehpour, Mehran and Possnert, Göran and Appelsved, Lena and Fu, Keng Yeh and Alkass, Kanar and Druid, Henrik and Thorell, Anders and Ryd{\'{e}}n, Mikael and Arner, Peter},
    month = {5},
    volume = {8},
    publisher = {Nat Commun},
    url = {https://pubmed.ncbi.nlm.nih.gov/28534500/},
    doi = {10.1038/NCOMMS15253},
    issn = {2041-1723},
    pmid = {28534500},
    keywords = {Adipocytes / cytology, Adipose Tissue / metabolism*, Adiposity*, Adult, Anthropometry, Body Mass Index, Carbon Radioisotopes, Cell Size, Humans, Kirsty L Spalding, Lipid Metabolism*, MEDLINE, NCBI, NIH, NLM, National Center for Biotechnology Information, National Institutes of Health, National Library of Medicine, Non-U.S. Gov't, PMC5457499, Peter Arner, Phenotype, PubMed Abstract, Radiometric Dating, Research Support, Samuel Bernard, Triglycerides / blood, Waist Circumference, Waist-Hip Ratio, doi:10.1038/ncomms15253, pmid:28534500}
}

@article{Vanhamme1997ImprovedKnowledge,
    title = {{Improved Method for Accurate and Efficient Quantification of MRS Data with Use of Prior Knowledge}},
    year = {1997},
    journal = {Journal of Magnetic Resonance},
    author = {Vanhamme, Leentje and Van Den Boogaart, Aad and Van Huffel, Sabine},
    number = {1},
    month = {11},
    pages = {35--43},
    volume = {129},
    publisher = {Academic Press},
    doi = {10.1006/JMRE.1997.1244},
    issn = {1090-7807},
    pmid = {9405214}
}

@article{Jenkinson2002ImprovedImages,
    title = {{Improved Optimization for the Robust and Accurate Linear Registration and Motion Correction of Brain Images}},
    year = {2002},
    journal = {NeuroImage},
    author = {Jenkinson, Mark and Bannister, Peter and Brady, Michael and Smith, Stephen},
    number = {2},
    month = {10},
    pages = {825--841},
    volume = {17},
    publisher = {Academic Press},
    doi = {10.1006/NIMG.2002.1132},
    issn = {1053-8119}
}

@article{Peters2021ImprovingInvestigation,
    title = {{Improving deuterium metabolic imaging (DMI) signal-to-noise ratio by spectroscopic multi-echo bSSFP: A pancreatic cancer investigation}},
    year = {2021},
    journal = {Magnetic Resonance in Medicine},
    author = {Peters, Dana C. and Markovic, Stefan and Bao, Qingjia and Preise, Dina and Sasson, Keren and Agemy, Lilach and Scherz, Avigdor and Frydman, Lucio},
    number = {5},
    month = {11},
    pages = {2604--2617},
    volume = {86},
    publisher = {John Wiley and Sons Inc},
    doi = {10.1002/mrm.28906},
    issn = {15222594},
    pmid = {34196041},
    keywords = {IDEAL, KPC, Warburg effect, balanced SSFP, chemical shift imaging, deuterium metabolic imaging, pancreatic cancer}
}

@article{Allister2015InHumans,
    title = {{In vivo 2H2O administration reveals impaired triglyceride storage in adipose tissue of insulin-resistant humans}},
    year = {2015},
    journal = {Journal of Lipid Research},
    author = {Allister, Candice A. and Liu, Li Fen and Lamendola, Cindy A. and Craig, Colleen M. and Cushman, Samuel W. and Hellerstein, Marc K. and McLaughlin, Tracey L.},
    number = {2},
    month = {2},
    pages = {435},
    volume = {56},
    publisher = {American Society for Biochemistry and Molecular Biology},
    url = {/pmc/articles/PMC4306696/ /pmc/articles/PMC4306696/?report=abstract https://www.ncbi.nlm.nih.gov/pmc/articles/PMC4306696/},
    doi = {10.1194/JLR.M052860},
    issn = {15397262},
    pmid = {25418322},
    keywords = {De novo, Insulin resistance, Lipogenesis, Lipolysis, Obesity, Subcutaneous adipose, Triglycerides}
}

@techreport{Irving1987InSpectroscopy,
    title = {{In Vivo Determination of Body Iron Stores by Natural-Abundance Deuterium Magnetic Resonance Spectroscopy}},
    year = {1987},
    booktitle = {MAGNETIC RESONANCE IN MEDICINE},
    author = {Irving, Michael G and Brereton, Ian M and Field, James and Doddrell, David M},
    pages = {88--92},
    volume = {4}
}

@article{Assmann2020InCholesterol,
    title = {{In vivo deuterated water labeling allows tumor visualization via deuterium magnetic resonance spectroscopic imaging of cholesterol}},
    year = {2020},
    journal = {bioRxiv},
    author = {Assmann, Julian C and Brender, Jeffrey R and Farthing, Don E and Saito, Keita and Kishimoto, Shun and Warrick, Kathrynne A and Maglakelidze, Natella and Crooks, Daniel R and Merkle, Hellmut and Gress, Ronald E and Krishna, Murali C and Buxbaum, Nataliya P},
    month = {1},
    pages = {809327},
    url = {http://biorxiv.org/content/early/2020/05/28/809327.abstract},
    doi = {10.1101/809327}
}

@article{Brender2023InWater,
    title = {{In vivo deuterium magnetic resonance imaging of xenografted tumors following systemic administration of deuterated water}},
    year = {2023},
    journal = {Scientific Reports},
    author = {Brender, Jeffrey R. and Assmann, Julian C. and Farthing, Don E. and Saito, Keita and Kishimoto, Shun and Warrick, Kathrynne A. and Maglakelidze, Natella and Larus, Terri L. and Merkle, Hellmut and Gress, Ronald E. and Krishna, Murali C. and Buxbaum, Nataliya P.},
    number = {1},
    month = {9},
    pages = {1--10},
    volume = {13},
    publisher = {Nature Publishing Group},
    url = {https://www.nature.com/articles/s41598-023-41163-9},
    isbn = {0123456789},
    doi = {10.1038/s41598-023-41163-9},
    issn = {2045-2322},
    pmid = {37679461},
    keywords = {Cancer imaging, Imaging techniques}
}

@article{Meerwaldt2023InImaging,
    title = {{In vivo imaging of cerebral glucose metabolism informs on subacute to chronic post-stroke tissue status – A pilot study combining PET and deuterium metabolic imaging}},
    year = {2023},
    journal = {Journal of Cerebral Blood Flow and Metabolism},
    author = {Meerwaldt, Anu E. and Straathof, Milou and Oosterveld, Wija and van Heijningen, Caroline L. and van Leent, Mandy M.T. and Toner, Yohana C. and Munitz, Jazz and Teunissen, Abraham J.P. and Daemen, Charlotte C. and van der Toorn, Annette and van Vliet, Gerard and van Tilborg, Geralda A.F. and De Feyter, Henk M. and de Graaf, Robin A. and Hol, Elly M. and Mulder, Willem J.M. and Dijkhuizen, Rick M.},
    number = {5},
    month = {5},
    pages = {778--790},
    volume = {43},
    publisher = {SAGE Publications Ltd},
    doi = {10.1177/0271678X221148970/SUPPL{\_}FILE/SJ-PDF-1-JCB-10.1177{\_}0271678X221148970.PDF},
    issn = {15597016},
    pmid = {36606595},
    keywords = {Cerebral glucose metabolism, deuterium metabolic imaging, ischemic stroke, magnetic resonance imaging/spectroscopy, positron emission tomography}
}

@article{Whittall1997InBrain,
    title = {{In vivo measurement ofT2 distributions and water contents in normal human brain}},
    year = {1997},
    journal = {Magnetic Resonance in Medicine},
    author = {Whittall, Kenneth P and Mackay, Alex L. and Graeb, Douglas A. and Nugent, Robert A. and Li, David K. B. and Paty, Donald W.},
    number = {1},
    month = {1},
    pages = {34--43},
    volume = {37},
    doi = {10.1002/mrm.1910370107},
    issn = {07403194}
}

@misc{Nelson2002InMRSI,
    title = {{In vivo molecular imaging for planning radiation therapy of gliomas: An application of 1H MRSI}},
    year = {2002},
    booktitle = {Journal of Magnetic Resonance Imaging},
    author = {Nelson, Sarah J. and Graves, Edward and Pirzkall, Andrea and Li, Xiaojuan and Chan, Antionette Antiniw and Vigneron, Daniel B. and McKnight, Tracy R.},
    number = {4},
    month = {10},
    pages = {464--476},
    volume = {16},
    doi = {10.1002/jmri.10183},
    issn = {10531807},
    pmid = {12353260},
    keywords = {Brain tumors, Improved targeting, Magnetic resonance spectroscopy, Molecular imaging, Radiation therapy}
}

@article{Joliot1991InMethods,
    title = {{In vivo NMR spectral parameter estimation: a comparison between time and frequency domain methods}},
    year = {1991},
    journal = {Magnetic resonance in medicine},
    author = {Joliot, M. and Mazoyer, B. M. and Huesman, R. H.},
    number = {2},
    pages = {358--370},
    volume = {18},
    publisher = {Magn Reson Med},
    url = {https://pubmed.ncbi.nlm.nih.gov/2046517/},
    doi = {10.1002/MRM.1910180210},
    issn = {0740-3194},
    pmid = {2046517},
    keywords = {Algorithms*, B M Mazoyer, Comparative Study, Computer-Assisted*, Fourier Analysis, Humans, M Joliot, MEDLINE, Magnetic Resonance Spectroscopy*, Monte Carlo Method, Muscles / anatomy {\&} histology, NCBI, NIH, NLM, National Center for Biotechnology Information, National Institutes of Health, National Library of Medicine, Non-P.H.S., P.H.S., PubMed Abstract, R H Huesman, Research Support, Signal Processing, U.S. Gov't, doi:10.1002/mrm.1910180210, pmid:2046517}
}

@book{deGraaf2019InSpectroscopy,
    title = {{In Vivo NMR Spectroscopy}},
    year = {2019},
    author = {de Graaf, Robin A.},
    edition = {Third},
    month = {2},
    publisher = {Wiley},
    isbn = {9781119382546},
    doi = {10.1002/9781119382461}
}

@article{Assaf1997InSpectroscopy,
    title = {{In vivo observation of anisotropic motion of brain water using 2H double quantum filtered NMR spectroscopy}},
    year = {1997},
    journal = {Magnetic Resonance in Medicine},
    author = {Assaf, Yaniv and Navon, Gil and Cohen, Yoram},
    number = {2},
    month = {2},
    pages = {197--203},
    volume = {37},
    doi = {10.1002/mrm.1910370210},
    issn = {07403194}
}

@article{Alexandrov1965InfluenceAgents,
    title = {{Influence of D2O on Resistance of Plant and Animal Cells, Cellular Models and Actomyosin to some Denaturing Agents}},
    year = {1965},
    journal = {Nature 1965 205:4968},
    author = {Alexandrov, V. Ya and Komarov, V. L. and Arronet, N. J. and Denko, E. I. and Konstantinova, M. F.},
    number = {4968},
    pages = {286--287},
    volume = {205},
    publisher = {Nature Publishing Group},
    url = {https://www.nature.com/articles/205286a0},
    doi = {10.1038/205286a0},
    issn = {1476-4687},
    pmid = {14270715},
    keywords = {Humanities and Social Sciences, Science, multidisciplinary}
}

@article{Cember2022IntegratingHumans,
    title = {{Integrating 1H MRS and deuterium labeled glucose for mapping the dynamics of neural metabolism in humans}},
    year = {2022},
    journal = {NeuroImage},
    author = {Cember, Abigail T.J. and Wilson, Neil E. and Rich, Laurie J. and Bagga, Puneet and Nanga, Ravi Prakash Reddy and Swago, Sophia and Swain, Anshuman and Thakuri, Deepa and Elliot, Mark and Schnall, Mitchell D. and Detre, John A. and Reddy, Ravinder},
    month = {5},
    volume = {251},
    publisher = {Academic Press Inc.},
    doi = {10.1016/J.NEUROIMAGE.2022.118977},
    issn = {10959572},
    pmid = {35143973},
    keywords = {Chemical shift imaging, Deuterium, Glucose, Glutamate, MRI, Metabolism, Spectroscopy}
}

@article{INTERNATIONALATOMICENERGYAGENCY2011IntroductionSpectrometry,
    title = {{Introduction to Body Composition Assessment Using the Deuterium Dilution Technique with Analysis of Saliva Samples by Fourier Transform Infrared Spectrometry}},
    year = {2011},
    journal = {IAEA Human Health Series No. 12},
    author = {{INTERNATIONAL ATOMIC ENERGY AGENCY}},
    number = { Vienna},
    volume = {IAEA}
}

@article{Lin2012InvestigatingT,
    title = {{Investigating the metabolic changes due to visual stimulation using functional proton magnetic resonance spectroscopy at 7 T}},
    year = {2012},
    journal = {Journal of Cerebral Blood Flow and Metabolism},
    author = {Lin, Yan and Stephenson, Mary C. and Xin, Lijing and Napolitano, Antonio and Morris, Peter G.},
    number = {8},
    month = {8},
    pages = {1484--1495},
    volume = {32},
    doi = {10.1038/jcbfm.2012.33},
    issn = {0271678X},
    pmid = {22434070},
    keywords = {MR spectroscopy, antioxidants, energy metabolism, lactate, neurotransmitters}
}

@article{Sun2010InvestigationNMR,
    title = {{Investigation of the dynamical properties of water in elastin by deuterium Double Quantum Filtered NMR}},
    year = {2010},
    journal = {Journal of Magnetic Resonance},
    author = {Sun, Cheng and Boutis, Gregory S.},
    number = {1},
    month = {7},
    pages = {86--92},
    volume = {205},
    doi = {10.1016/j.jmr.2010.04.007},
    issn = {10907807},
    pmid = {20452263},
    keywords = {Deuterium NMR, Double Quantum Filter, Elastin, Nuchal Ligament fibers, Quadrupolar interaction}
}

@article{Bowen2019IsotopesApplications,
    title = {{Isotopes in the Water Cycle: Regional- to Global-Scale Patterns and Applications}},
    year = {2019},
    journal = {Annual Review of Earth and Planetary Sciences},
    author = {Bowen, Gabriel J. and Cai, Zhongyin and Fiorella, Richard P. and Putman, Annie L.},
    month = {5},
    pages = {453--479},
    volume = {47},
    publisher = { Annual Reviews },
    url = {https://www.annualreviews.org/doi/abs/10.1146/annurev-earth-053018-060220},
    doi = {10.1146/ANNUREV-EARTH-053018-060220},
    issn = {00846597},
    keywords = {atmospheric dynamics, climate, hydrology, stable isotopes, water cycle, water resources}
}

@article{Prichard1991LactateStimulation.,
    title = {{Lactate rise detected by 1H NMR in human visual cortex during physiologic stimulation.}},
    year = {1991},
    journal = {Proceedings of the National Academy of Sciences},
    author = {Prichard, James and Rothman, Douglas and Novotny, Edward and Petroff, Ognen and Kuwabara, Takeo and Avison, Malcolm and Howseman, Alistair and Hanstock, Christopher and Shulman, Robert},
    number = {13},
    month = {7},
    pages = {5829--5831},
    volume = {88},
    publisher = {Proceedings of the National Academy of Sciences},
    url = {https://www.pnas.org/doi/abs/10.1073/pnas.88.13.5829},
    doi = {10.1073/PNAS.88.13.5829},
    issn = {00278424},
    pmid = {2062861},
    keywords = {Brain, Neurochemistry, Vision}
}

@article{Krumbiegel2011LargeReview,
    title = {{Large deuterium isotope effects and their use: A historical review}},
    year = {2011},
    journal = {Isotopes in Environmental and Health Studies},
    author = {Krumbiegel, Peter},
    number = {1},
    month = {3},
    pages = {1--17},
    volume = {47},
    doi = {10.1080/10256016.2011.556725},
    issn = {10256016},
    pmid = {21390986},
    keywords = {Hydrogen-2, Isotope application, Isotope effects, Men, Oils, Pharmaceuticals, Review, Safety, Stabilisation, Technical use}
}

@article{Burger2017LeukemiaIbrutinib,
    title = {{Leukemia cell proliferation and death in chronic lymphocytic leukemia patients on therapy with the BTK inhibitor ibrutinib}},
    year = {2017},
    journal = {JCI Insight},
    author = {Burger, Jan A and Li, Kelvin W and Keating, Michael J and Sivina, Mariela and Amer, Ahmed M and Garg, Naveen and Ferrajoli, Alessandra and Huang, Xuelin and Kantarjian, Hagop and Wierda, William G and O'brien, Susan and Hellerstein, Marc K and Turner, Scott M and Emson, Claire L and Chen, Shih-Shih and Yan, Xiao-Jie and Wodarz, Dominik and Chiorazzi, Nicholas},
    number = {2},
    pages = {89904},
    volume = {2},
    doi = {10.1172/jci.insight.89904}
}

@article{Gordon1980LocalizationResonance,
    title = {{Localization of metabolites in animals using 31 P topical magnetic resonance}},
    year = {1980},
    journal = {Nature},
    author = {Gordon, R E and Hanley, P E and Shaw, D and Gadian, D G and Radda, G K and Styles, P and Bore, P J and Chan, L},
    number = {},
    month = {10},
    pages = {538--551},
    volume = {287}
}

@article{Robinson2011Long-termSupplementation,
    title = {{Long-term synthesis rates of skeletal muscle DNA and protein are higher during aerobic training in older humans than in sedentary young subjects but are not altered by protein supplementation; Long-term synthesis rates of skeletal muscle DNA and protein are higher during aerobic training in older humans than in sedentary young subjects but are not altered by protein supplementation}},
    year = {2011},
    journal = {FASEB J},
    author = {Robinson, Matthew M and Turner, Scott M and Hellerstein, Marc K and Hamilton, Karyn L and Miller, Benjamin F},
    number = {9},
    pages = {3240--3249},
    volume = {25},
    url = {https://faseb.onlinelibrary.wiley.com/doi/10.1096/fj.11-186437},
    doi = {10.1096/fj.11-186437}
}

@article{Larmor1897LXIII.Ions,
    title = {{LXIII. On the theory of the magnetic influence on spectra; and on the radiation from moving ions}},
    year = {1897},
    journal = {The London, Edinburgh, and Dublin Philosophical Magazine and Journal of Science},
    author = {Larmor, J.},
    number = {271},
    month = {12},
    pages = {503--512},
    volume = {44},
    publisher = {Informa UK Limited},
    url = {https://zenodo.org/records/1431241},
    doi = {10.1080/14786449708621095},
    issn = {1941-5982}
}

@article{Chaumeil2015MagneticGlioma,
    title = {{Magnetic Resonance (MR) Metabolic Imaging in Glioma}},
    year = {2015},
    journal = {Brain Pathology},
    author = {Chaumeil, Myriam M. and Lupo, Janine M. and Ronen, Sabrina M.},
    number = {6},
    month = {11},
    pages = {769--780},
    volume = {25},
    doi = {10.1111/bpa.12310},
    issn = {17503639},
    pmid = {26526945},
    keywords = {brain tumors, glioma, magnetic resonance imaging, metabolic imaging}
}

@book{Haacke2014MagneticDesign,
    title = {{Magnetic Resonance Imaging: Physical Principles and Sequence Design}},
    year = {2014},
    author = {Haacke, Mark E. and Brown, Robert W. and Thompson, Michael R. and Venkatesan, Ramesh},
    edition = {1},
    pages = {1--15},
    publisher = {Wiley-Blackwell, 2014},
    address = {},
    isbn = {0-471-35128-8}
}

@article{Vermathen2003MappingImaging,
    title = {{Mapping fiber orientation in human muscle by proton MR spectroscopic imaging}},
    year = {2003},
    journal = {Magnetic Resonance in Medicine},
    author = {Vermathen, Peter and Boesch, Chris and Kreis, Roland},
    number = {3},
    month = {3},
    pages = {424--432},
    volume = {49},
    publisher = {John Wiley and Sons Inc.},
    doi = {10.1002/mrm.10396},
    issn = {07403194},
    pmid = {12594744},
    keywords = {Creatine, Dipolar coupling, Fiber orientation, MR spectroscopic imaging, Skeletal muscle}
}

@article{Fernandes2020MeasurementT,
    title = {{Measurement of brain lactate during visual stimulation using a long TE semi‐LASER sequence at 7 T}},
    year = {2020},
    journal = {Nmr in Biomedicine},
    author = {Fernandes, Carolina C. and Lanz, Bernard and Chen, Chen and Morris, Peter G.},
    number = {4},
    month = {4},
    volume = {33},
    publisher = {Wiley-Blackwell},
    url = {/pmc/articles/PMC7079106/ /pmc/articles/PMC7079106/?report=abstract https://www.ncbi.nlm.nih.gov/pmc/articles/PMC7079106/},
    doi = {10.1002/NBM.4223},
    issn = {10991492},
    pmid = {31995265},
    keywords = {functional MRS, lactate, long TE, macromolecules, semi-LASER}
}

@article{Hellerstein2007MeasurementLabeling,
    title = {{Measurement of cell proliferation by heavy water labeling}},
    year = {2007},
    journal = {Nature Protocols 2007 2:12},
    author = {Hellerstein, Marc K. and Busch, Robert and Neese, Richard A. and Awada, Mohamad and Hayes, Gregory M.},
    number = {12},
    month = {11},
    pages = {3045--3057},
    volume = {2},
    publisher = {Nature Publishing Group},
    url = {https://www.nature.com/articles/nprot.2007.420},
    doi = {10.1038/nprot.2007.420},
    issn = {1750-2799},
    pmid = {18079703},
    keywords = {Analytical Chemistry, Biological Techniques, Computational Biology/Bioinformatics, Life Sciences, Microarrays, Organic Chemistry, general}
}

@techreport{Chhina2001MeasurementSpectroscopy,
    title = {{Measurement of Human Tricarboxylic Acid Cycle Rates During Visual Activation by 13 C Magnetic Resonance Spectroscopy}},
    year = {2001},
    booktitle = {J. Neurosci. Res},
    author = {Chhina, Navjeet and Kuestermann, Ekkehard and Halliday, Jane and Simpson, Liz J and Macdonald, Ian A and Bachelard, Herman S and Morris, Peter G},
    pages = {737--746},
    volume = {66},
    keywords = {13 C MRS, TCA cycle flux, functional MRI, glucose metabolism, human visual cortex}
}

@article{Turner2003MeasurementMIDA,
    title = {{Measurement of TG synthesis and turnover in vivo by 2H2O incorporation into the glycerol moiety and application of MIDA}},
    year = {2003},
    journal = {J Physiol Endocrinol Metab},
    author = {Turner, S M and Murphy, E J and Neese, R A and Antelo, F and Thomas, T and Agarwal, A and Go, C and Hellerstein, M K},
    number = {4},
    pages = {790--803},
    volume = {285},
    url = {http://www.ajpendo.org},
    doi = {10.1152/ajpendo.00402.2002.-A}
}

@inproceedings{Cocking2022MeasuringLoading,
    title = {{Measuring Deuterium Relaxation Times in Human Brain at 7T following D2O Loading}},
    year = {2022},
    booktitle = {In Proceedings of the 30th Annual Meeting of ISMRM},
    author = {Cocking, Daniel and Damion, Robin and Franks, Hester and Wilkinson, Daniel and Brook, Matthew and Auer, Dorothee and Bowtell, Richard},
    pages = {1353},
    address = {London, UK,}
}

@article{Diraison1997MeasuringTechniques,
    title = {{Measuring lipogenesis and cholesterol synthesis in humans with deuterated water: Use of simple gas chromatographic/mass spectrometric techniques}},
    year = {1997},
    journal = {Journal of Mass Spectrometry},
    author = {Diraison, F. and Pachiaudi, C. and Beylot, M.},
    number = {1},
    pages = {81--86},
    volume = {32},
    doi = {10.1002/(SICI)1096-9888(199701)32:1<81::AID-JMS454>3.0.CO;2-2},
    issn = {10765174},
    pmid = {9008871},
    keywords = {Cholesterol, Deuterated water, Fatty acids, Lipogenesis, Stable isotopes}
}

@article{Kreis2020MeasuringMRI,
    title = {{Measuring tumor glycolytic flux in vivo by using fast deuterium MRI}},
    year = {2020},
    journal = {Radiology},
    author = {Kreis, Felix and Wright, Alan J. and Hesse, Friederike and Fala, Maria and Hu, De EN and Brindle, Kevin M.},
    number = {2},
    pages = {289--296},
    volume = {294},
    publisher = {Radiological Society of North America Inc.},
    doi = {10.1148/radiol.2019191242},
    issn = {15271315},
    pmid = {31821119}
}

@article{Palmer2022MetabolicStrategies,
    title = {{Metabolic changes in aging humans: current evidence and therapeutic strategies}},
    year = {2022},
    journal = {The Journal of Clinical Investigation},
    author = {Palmer, Allyson K. and Jensen, Michael D.},
    number = {16},
    month = {8},
    volume = {132},
    publisher = {American Society for Clinical Investigation},
    url = {/pmc/articles/PMC9374375/ /pmc/articles/PMC9374375/?report=abstract https://www.ncbi.nlm.nih.gov/pmc/articles/PMC9374375/},
    doi = {10.1172/JCI158451},
    issn = {15588238},
    pmid = {35968789}
}

@article{Meles2017MetabolicDisease,
    title = {{Metabolic Imaging in Parkinson Disease}},
    year = {2017},
    journal = {Journal of nuclear medicine : official publication, Society of Nuclear Medicine},
    author = {Meles, Sanne K. and Teune, Laura K. and De Jong, Bauke M. and Dierckx, Rudi A. and Leenders, Klaus L.},
    number = {1},
    month = {1},
    pages = {23--28},
    volume = {58},
    publisher = {J Nucl Med},
    url = {https://pubmed.ncbi.nlm.nih.gov/27879372/},
    doi = {10.2967/JNUMED.116.183152},
    issn = {1535-5667},
    pmid = {27879372},
    keywords = {Biomarkers / metabolism, Brain / diagnostic imaging, Brain / metabolism*, Brain Mapping / methods*, Cognitive Dysfunction / diagnosis, Cognitive Dysfunction / etiology, Cognitive Dysfunction / metabolism, Computer-Assisted / methods, Fluorodeoxyglucose F18 / pharmacokinetics*, Glucose / metabolism*, Humans, Image Interpretation, Klaus L Leenders, Laura K Teune, MEDLINE, Molecular Imaging, NCBI, NIH, NLM, National Center for Biotechnology Information, National Institutes of Health, National Library of Medicine, Parkinson Disease / complications, Parkinson Disease / diagnostic imaging*, Parkinson Disease / metabolism*, PubMed Abstract, Radiopharmaceuticals / pharmacokinetics, Reproducibility of Results, Review, Sanne K Meles, Sensitivity and Specificity, doi:10.2967/jnumed.116.183152, pmid:27879372}
}

@article{Gross1960MitoticOxide,
    title = {{Mitotic arrest by deuterium oxide}},
    year = {1960},
    journal = {Science (New York, N.Y.)},
    author = {Gross, Paul R. and Spindel, William},
    number = {3392},
    pages = {37--39},
    volume = {131},
    publisher = {Science},
    url = {https://pubmed.ncbi.nlm.nih.gov/13829659/},
    doi = {10.1126/SCIENCE.131.3392.37},
    issn = {0036-8075},
    pmid = {13829659},
    keywords = {Cell Division / pharmacology*, Deuterium / pharmacology*, Deuterium Oxide*, MEDLINE, Mitosis*, NCBI, NIH, NLM, National Center for Biotechnology Information, National Institutes of Health, National Library of Medicine, P R GROSS, PubMed Abstract, W SPINDEL, doi:10.1126/science.131.3392.37, pmid:13829659}
}

@article{Hesse2021MonitoringImaging,
    title = {{Monitoring tumor cell death in murine tumor models using deuterium magnetic resonance spectroscopy and spectroscopic imaging}},
    year = {2021},
    journal = {Proc Natl Acad Sci USA},
    author = {Hesse, Friederike and Somai, Vencel and Kreis, Felix and Bulat, Flaviu and Wright, Alan J and Brindle, Kevin M},
    number = {12},
    volume = {118},
    doi = {10.1073/pnas.2014631118/-/DCSupplemental}
}

@inproceedings{Cocking2022MonitoringResonance,
    title = {{Monitoring water uptake in the human body during oral loading of heavy water using{\\\}deuterium magnetic resonance}},
    year = {2022},
    booktitle = {In Proceedings of the 30th Annual Meeting of ISMRM},
    author = {Cocking, Daniel and Damion, Robin and Franks, Hester and Wilkinson, Daniel and Auer, Dorothee and Brook, Matthew and Bowtell, Richard},
    pages = {1351},
    address = {London, UK, }
}

@article{Vanhamme2001MRMethods,
    title = {{MR spectroscopy quantitation: A review of time-domain methods}},
    year = {2001},
    journal = {NMR in Biomedicine},
    author = {Vanhamme, Leentie and Sundin, Tomas and Van Hecke, Paul and Van Huffel, Sabine},
    number = {4},
    pages = {233--246},
    volume = {14},
    doi = {10.1002/NBM.695},
    issn = {09523480},
    pmid = {11410941},
    keywords = {MRS, Quantitation, Signal processing, Time domain}
}

@article{Furuyama2011Multi-echo-basedScanner,
    title = {{Multi-echo-based echo-planar spectroscopic imaging using a 3T MRI scanner}},
    year = {2011},
    journal = {Materials},
    author = {Furuyama, Jon K. and Burns, Brian L. and Wilson, Neil E. and Thomas, M. Albert},
    number = {10},
    pages = {1818--1834},
    volume = {4},
    doi = {10.3390/ma4101818},
    issn = {19961944},
    keywords = {Echo-planar spectroscopic imaging, Multi-echo}
}

@article{Mansfield1977Multi-planarEchoes,
    title = {{Multi-planar image formation using NMR spin echoes}},
    year = {1977},
    journal = {J. Phys. C : Solid State Phys},
    author = {Mansfield, P},
    number = {3},
    volume = {10}
}

@incollection{Eliav2016MultipleMRS,
    title = {{Multiple quantum MRS}},
    year = {2016},
    booktitle = {eMagRes},
    author = {Eliav, Uzi and Navon, Gil},
    number = {1},
    pages = {1061--1076},
    volume = {5},
    publisher = {Blackwell Publishing Ltd},
    doi = {10.1002/9780470034590.EMRSTM1448},
    issn = {20556101},
    keywords = {Cartilage, Double quantum filtering, Magnetization transfer, Multiple quantum filtering, Muscle, Nervous systems, Residual dipolar interaction, Residual quadrupolar interaction, Tendon, Triple quantum filtering}
}

@article{Navon2001MultiquantumTissues,
    title = {{Multiquantum filters and order in tissues}},
    year = {2001},
    journal = {NMR in Biomedicine},
    author = {Navon, Gil and Shinar, Hadassah and Eliav, Uzi and Seo, Yoshiteru},
    number = {2},
    pages = {112--132},
    volume = {14},
    doi = {10.1002/nbm.687},
    issn = {09523480},
    pmid = {11320537},
    keywords = {Blood vessel walls, Cartilage, Double quantum filtered NMR, Multiple quantum filtered NMR, Nerve, Tendon}
}

@techreport{Gold2004MusculoskeletalContrast,
    title = {{Musculoskeletal MRI at 3.0 T: Relaxation Times and Image Contrast}},
    year = {2004},
    booktitle = {AJR},
    author = {Gold, Garry E and Han, Eric and Stainsby, Jeff and Wright, Graham and Brittain, Jean and Beaulieu, Christopher},
    pages = {183},
    url = {www.ajronline.org}
}

@inproceedings{Damion2021NaturalT,
    title = {{Natural abundance deuterium MRS of the human calf and T measurements with a surface coil at 3 T}},
    year = {2021},
    booktitle = {In Proceedings of the 29th Annual Meeting of ISMRM},
    author = {Damion, Robin A and Cocking, Daniel J and Haywood, Brett and Brook, Matthew S and Greenhaa, Paul L and Atherton, Philip J and Auer, Dorothee P and Bowtell, Richard},
    pages = {3836},
    address = {Virtual},
    doi = {10.1101/809327}
}

@article{Barrow1986NMRMobilis,
    title = {{NMR studies of [1-2H]glucose metabolism in Zymomonas mobilis}},
    year = {1986},
    journal = {European Journal of Biochemistry},
    author = {Barrow, Kevin D. and Rogers, Peter L. and Smith, Glenn M.},
    number = {1},
    month = {5},
    pages = {195--202},
    volume = {157},
    publisher = {John Wiley {\&} Sons, Ltd},
    url = {https://onlinelibrary.wiley.com/doi/full/10.1111/j.1432-1033.1986.tb09656.x https://onlinelibrary.wiley.com/doi/abs/10.1111/j.1432-1033.1986.tb09656.x https://febs.onlinelibrary.wiley.com/doi/10.1111/j.1432-1033.1986.tb09656.x},
    doi = {10.1111/J.1432-1033.1986.TB09656.X},
    issn = {1432-1033},
    pmid = {2940086}
}

@article{Wang2021NoninvasiveImaging,
    title = {{Noninvasive assessment of myocardial energy metabolism and dynamics using in vivo deuterium MRS imaging}},
    year = {2021},
    journal = {Magnetic Resonance in Medicine},
    author = {Wang, Tao and Zhu, Xiao Hong and Li, Huan and Zhang, Yi and Zhu, Wei and Wiesner, Hannes M. and Chen, Wei},
    number = {6},
    month = {12},
    pages = {2899--2909},
    volume = {86},
    publisher = {John Wiley and Sons Inc},
    doi = {10.1002/MRM.28914},
    issn = {15222594},
    pmid = {34231258},
    keywords = {In vivo deuterium MRS imaging, acetate, glucose, myocardial TCA cycle activity, myocardial energy metabolism}
}

@article{Bloch1946NuclearInduction,
    title = {{Nuclear Induction}},
    year = {1946},
    journal = {Physical Review},
    author = {Bloch, F.},
    number = {7-8},
    month = {10},
    pages = {460},
    volume = {70},
    publisher = {American Physical Society},
    url = {https://journals.aps.org/pr/abstract/10.1103/PhysRev.70.460},
    doi = {10.1103/PhysRev.70.460},
    issn = {0031899X}
}

@article{Stone2015NuclearData,
    title = {{Nuclear Magnetic Dipole and Electric Quadrupole Moments: Their Measurement and Tabulation as Accessible Data}},
    year = {2015},
    journal = {Journal of Physical and Chemical Reference Data},
    author = {Stone, N. J.},
    number = {3},
    month = {6},
    pages = {031215},
    volume = {44},
    publisher = {AIP Publishing LLC for the National Institute of Standards and TechnologyNIST},
    url = {https://aip.scitation.org/doi/abs/10.1063/1.4917489},
    doi = {10.1063/1.4917489},
    issn = {0047-2689},
    keywords = {collections of physical data, electric moments, isotopes, magnetic moments, nuclear electric quadrupole moments, nuclear magnetic dipole moments, quadrupole moments}
}

@article{Cope1969NuclearBrain,
    title = {{Nuclear Magnetic Resonance Evidence using D2O for Structured Water in Muscle and Brain}},
    year = {1969},
    journal = {Biophysical Journal},
    author = {Cope, Freeman W.},
    number = {3},
    pages = {303--319},
    volume = {9},
    doi = {10.1016/S0006-3495(69)86388-5},
    issn = {00063495},
    pmid = {5780710}
}

@article{Gurler2015NumericalMRI,
    title = {{Numerical methods and software tools for simulation, design, and resonant mode analysis of radio frequency birdcage coils used in MRI}},
    year = {2015},
    journal = {Concepts in Magnetic Resonance Part B: Magnetic Resonance Engineering},
    author = {Gurler, Necip and Ider, Yusuf Ziya},
    number = {1},
    month = {2},
    pages = {13--32},
    volume = {45},
    publisher = {Wiley-Liss Inc.},
    doi = {10.1002/cmr.b.21279},
    issn = {1552504X},
    keywords = {Coil design, Electromagnetic simulation, Finite element method, High-field MRI, RF birdcage coil, Resonant mode analysis, Software tool}
}

@article{Faraday1821OnMagnetism,
    title = {{On Some New Electro-Magnetical Motions, and on the Theory of Magnetism}},
    year = {1821},
    journal = {Quarterly Journal of Science},
    author = {Faraday, Michael},
    pages = {74--96},
    volume = {12}
}

@article{deGraaf2020OnImaging,
    title = {{On the magnetic field dependence of deuterium metabolic imaging}},
    year = {2020},
    journal = {NMR in Biomedicine},
    author = {de Graaf, Robin A. and Hendriks, Arjan D. and Klomp, Dennis W.J. and Kumaragamage, Chathura and Welting, Dimitri and Arteaga de Castro, Catalina S. and Brown, Peter B. and McIntyre, Scott and Nixon, Terence W. and Prompers, Jeanine J. and De Feyter, Henk M.},
    number = {3},
    month = {3},
    volume = {33},
    publisher = {John Wiley and Sons Ltd},
    doi = {10.1002/nbm.4235},
    issn = {10991492},
    pmid = {31879985},
    keywords = {deuterium metabolic imaging, magnetic field dependence, resolution, sensitivity}
}

@article{Warburg1956OnCells,
    title = {{On the Origin of Cancer Cells}},
    year = {1956},
    journal = {Science},
    author = {Warburg, Otto},
    number = {3191},
    month = {2},
    pages = {309--314},
    volume = {123},
    doi = {10.1126/science.123.3191.309},
    issn = {0036-8075}
}

@article{Cabanes2001OptimizationBrain,
    title = {{Optimization of residual water signal removal by HLSVD on simulated short echo time proton MR spectra of the human brain}},
    year = {2001},
    journal = {Journal of magnetic resonance (San Diego, Calif. : 1997)},
    author = {Cabanes, E. and Confort-Gouny, S. and Le Fur, Y. and Simond, G. and Cozzone, P. J.},
    number = {2},
    pages = {116--125},
    volume = {150},
    publisher = {J Magn Reson},
    url = {https://pubmed.ncbi.nlm.nih.gov/11384169/},
    doi = {10.1006/JMRE.2001.2318},
    issn = {1090-7807},
    pmid = {11384169},
    keywords = {Biological, Body Water*, Brain Chemistry*, Computer Simulation*, E Cabanes, Humans, MEDLINE, Magnetic Resonance Spectroscopy / methods*, Models, NCBI, NIH, NLM, National Center for Biotechnology Information, National Institutes of Health, National Library of Medicine, Non-U.S. Gov't, P J Cozzone, PubMed Abstract, Research Support, S Confort-Gouny, doi:10.1006/jmre.2001.2318, pmid:11384169}
}

@article{Salmon2006OptimizationImaging,
    title = {{Optimization of Saddle Coils for Magnetic Resonance Imaging}},
    year = {2006},
    journal = {Brazilian Journal of Physics},
    author = {Salmon, Carlos and Vidoto, Edson and Martins, Mateus and Tann{\'{u}}s, Alberto},
    number = {1A},
    volume = {36},
    keywords = {Magnetic ressonance imaging, Saddle coils}
}

@article{Ginsberg1970OptimumField,
    title = {{Optimum geometry of saddle shaped coils for generating a uniform magnetic field}},
    year = {1970},
    journal = {Review of Scientific Instruments},
    author = {Ginsberg, D. M. and Melchner, Melvin J.},
    number = {1},
    pages = {122--123},
    volume = {41},
    doi = {10.1063/1.1684235},
    issn = {00346748}
}

@article{Purvis2017OXSA:MATLAB,
    title = {{OXSA: An open-source magnetic resonance spectroscopy analysis toolbox in MATLAB}},
    year = {2017},
    journal = {PLOS ONE},
    author = {Purvis, Lucian A.B. and Clarke, William T. and Biasiolli, Luca and Valkovi{\v{c}}, Ladislav and Robson, Matthew D. and Rodgers, Christopher T.},
    number = {9},
    month = {9},
    pages = {e0185356},
    volume = {12},
    publisher = {Public Library of Science},
    url = {https://journals.plos.org/plosone/article?id=10.1371/journal.pone.0185356},
    isbn = {1111111111},
    doi = {10.1371/JOURNAL.PONE.0185356},
    issn = {1932-6203},
    pmid = {28938003},
    keywords = {Algorithms, Computational pipelines, Data visualization, Digital imaging, Magnetic resonance spectroscopy, Metabolites, Open source software, Sine waves}
}

@article{Peronnet2012PharmacokineticHumans,
    title = {{Pharmacokinetic analysis of absorption, distribution and disappearance of ingested water labeled with D2O in humans}},
    year = {2012},
    journal = {European Journal of Applied Physiology},
    author = {P{\'{e}}ronnet, François and Mignault, Diane and Du Souich, Patrick and Vergne, Sébastien and Bellego, Laurent Le and Jimenez, Liliana and Rabasa-Lhoret, Rémi},
    number = {6},
    month = {6},
    pages = {2213--2222},
    volume = {112},
    doi = {10.1007/s00421-011-2194-7},
    issn = {14396319},
    pmid = {21997675},
    keywords = {Absorption rate, Body water pool, Elimination rate, Hydrogen isotopes, Water clearance, Water turnover}
}

@article{Kushner2011PharmacologicalCompounds,
    title = {{Pharmacological uses and perspectives of heavy water and deuterated compounds}},
    year = {2011},
    journal = {Canadian Journal of Physiology and Pharmacology},
    author = {Kushner, D. J. and Baker, Alison and Dunstall, T. G.},
    number = {2},
    pages = {79--88},
    volume = {77},
    publisher = { NRC Research Press Ottawa, Canada },
    url = {https://cdnsciencepub.com/doi/10.1139/y99-005},
    doi = {10.1139/Y99-005},
    issn = {00084212},
    pmid = {10535697},
    keywords = {D2O, Deuterium, Deuterium isotope effects, Heavy water}
}

@article{Thomson1960PHYSIOLOGICALMAMMALS,
    title = {{PHYSIOLOGICAL EFFECTS OF D2O IN MAMMALS}},
    year = {1960},
    journal = {Annals of the New York Academy of Sciences},
    author = {Thomson, John F.},
    number = {16},
    month = {11},
    pages = {736--744},
    volume = {84},
    publisher = {John Wiley {\&} Sons, Ltd},
    url = {https://onlinelibrary.wiley.com/doi/full/10.1111/j.1749-6632.1960.tb39105.x https://onlinelibrary.wiley.com/doi/abs/10.1111/j.1749-6632.1960.tb39105.x https://nyaspubs.onlinelibrary.wiley.com/doi/10.1111/j.1749-6632.1960.tb39105.x},
    doi = {10.1111/J.1749-6632.1960.TB39105.X},
    issn = {1749-6632},
    pmid = {13776654}
}

@article{CZAJKA1961PhysiologicalDogs,
    title = {{Physiological effects of deuterium on dogs}},
    year = {1961},
    journal = {American Physiological Society},
    author = {CZAJKA, D. M. and FINKEL, A. J. and FISCHER, C. S. and KATZ, J. J.},
    month = {8},
    pages = {357--362},
    volume = {201},
    publisher = {American Physiological Society},
    url = {https://journals.physiology.org/doi/10.1152/ajplegacy.1961.201.2.357},
    doi = {10.1152/AJPLEGACY.1961.201.2.357},
    issn = {00029513},
    pmid = {13719048},
    keywords = {DEUTERIUM/pharmacology}
}

@article{Thompson1989PracticalStudies,
    title = {{Practical considerations in the use of stable isotope labelled compounds as tracers in clinical studies}},
    year = {1989},
    journal = {Biomedical {\&} environmental mass spectrometry},
    author = {Thompson, G. N. and Pacy, P. J. and Ford, G. C. and Halliday, D.},
    number = {5},
    pages = {321--327},
    volume = {18},
    publisher = {Biomed Environ Mass Spectrom},
    url = {https://pubmed.ncbi.nlm.nih.gov/2752186/},
    doi = {10.1002/BMS.1200180507},
    issn = {0887-6134},
    pmid = {2752186},
    keywords = {Carbon Isotopes, Costs and Cost Analysis, D Halliday, Deuterium, Ethics, G N Thompson, Gas Chromatography-Mass Spectrometry, Humans, Isotopes*, MEDLINE, Medical, NCBI, NIH, NLM, National Center for Biotechnology Information, National Institutes of Health, National Library of Medicine, Nitrogen Isotopes, Oxidation-Reduction, Oxygen Isotopes, P J Pacy, PubMed Abstract, doi:10.1002/bms.1200180507, pmid:2752186}
}

@article{Wheeler2012PracticalCircuits,
    title = {{Practical exercises for learning to construct NMR/MRI probe circuits}},
    year = {2012},
    journal = {Concepts in Magnetic Resonance Part A: Bridging Education and Research},
    author = {Wheeler, Dustin D. and Conradi, Mark S.},
    number = {1},
    month = {1},
    pages = {1--13},
    volume = {40 A},
    doi = {10.1002/cmr.a.21221},
    issn = {15466086},
    keywords = {Coupling, Double resonance, Impedance matching, Probe, Remote tuning, Tuned circuit}
}

@article{Pfaff2017PredictingPulses,
    title = {{Predicting the effect of relaxation during frequency-selective adiabatic pulses}},
    year = {2017},
    journal = {Journal of magnetic resonance (San Diego, Calif. : 1997)},
    author = {Pfaff, Annalise R. and McKee, Cailyn E. and Woelk, Klaus},
    month = {11},
    pages = {99--103},
    volume = {284},
    publisher = {J Magn Reson},
    url = {https://pubmed.ncbi.nlm.nih.gov/29028544/},
    doi = {10.1016/J.JMR.2017.09.014},
    issn = {1096-0856},
    pmid = {29028544},
    keywords = {Annalise R Pfaff, Cailyn E McKee, Klaus Woelk, MEDLINE, NCBI, NIH, NLM, National Center for Biotechnology Information, National Institutes of Health, National Library of Medicine, PubMed Abstract, doi:10.1016/j.jmr.2017.09.014, pmid:29028544}
}

@article{Bagno2007PredictionSimulations,
    title = {{Prediction of the 1H and 13C NMR spectra of {$\alpha$}-D-glucose in water by DFT methods and MD simulations}},
    year = {2007},
    journal = {Journal of Organic Chemistry},
    author = {Bagno, Alessandro and Rastrelli, Federico and Saielli, Giacomo},
    number = {19},
    month = {9},
    pages = {7373--7381},
    volume = {72},
    publisher = { American Chemical Society },
    url = {https://pubs.acs.org/doi/full/10.1021/jo071129v},
    doi = {10.1021/JO071129V/SUPPL{\_}FILE/JO071129V-FILE002.PDF},
    issn = {00223263}
}

@article{Brereton1986PreliminarySpectroscopy,
    title = {{Preliminary studies on the potential of in vivo deuterium NMR spectroscopy}},
    year = {1986},
    journal = {Biochemical and Biophysical Research Communications},
    author = {Brereton, Ian M. and Irving, Michael G. and Field, James and Doddrell, David M.},
    number = {1},
    month = {5},
    pages = {579--584},
    volume = {137},
    doi = {10.1016/0006-291X(86)91250-7},
    issn = {0006291X}
}

@article{Coulomb1785PremierMagnetisme,
    title = {{Premier M{\'{e}}moire sur l'{\'{E}}lectricit{\'{e}} et le Magn{\'{e}}tisme}},
    year = {1785},
    journal = {Histoire de l’Acad{\'{e}}mie Royale des Sciences},
    author = {Coulomb, Charles-Augustin de},
    pages = {569--577}
}

@article{Near2021PreprocessingRecommendations,
    title = {{Preprocessing, analysis and quantification in single-voxel magnetic resonance spectroscopy: Experts’ consensus recommendations}},
    year = {2021},
    journal = {NMR in biomedicine},
    author = {Near, Jamie and Harris, Ashley D. and Juchem, Christoph and Kreis, Roland and Marja{\'{n}}ska, Małgorzata and {\"{O}}z, Gülin and Slotboom, Johannes and Wilson, Martin and Gasparovic, Charles},
    number = {5},
    month = {5},
    pages = {e4257},
    volume = {34},
    publisher = {NIH Public Access},
    url = {/pmc/articles/PMC7442593/ /pmc/articles/PMC7442593/?report=abstract https://www.ncbi.nlm.nih.gov/pmc/articles/PMC7442593/},
    doi = {10.1002/NBM.4257},
    issn = {10991492},
    pmid = {32084297},
    keywords = {MRS, analysis, preprocessing, processing, quantification, quantitation, water referencing}
}

@article{Hamilton2003PriorSpectra,
    title = {{Prior knowledge for time domain quantification of in vivo brain or liver 31P MR spectra}},
    year = {2003},
    journal = {NMR in Biomedicine},
    author = {Hamilton, Gavin and Patel, Nayna and Forton, Daniel M. and Hajnal, Joseph V. and Taylor-Robinson, Simon D.},
    number = {3},
    month = {5},
    pages = {168--176},
    volume = {16},
    doi = {10.1002/NBM.821},
    issn = {09523480},
    pmid = {12884361},
    keywords = {Phosphorus-31 magnetic resonance spectroscopy, Prior knowledge, Quantification, Spectral analysis, Time domain}
}

@incollection{Doty2007ProbeConstruction,
    title = {{Probe Design and Construction}},
    year = {2007},
    booktitle = {Encyclopedia of Magnetic Resonance},
    author = {Doty, F. David},
    month = {12},
    publisher = {John Wiley {\&} Sons, Ltd},
    doi = {10.1002/9780470034590.emrstm1000}
}

@article{Laissue1987ProtectionFindings.,
    title = {{Protection of mice from whole body gamma irradiation by deuteration of drinking water: hematologic findings.}},
    year = {1987},
    journal = {Experimental hematology},
    author = {Laissue, J A and Altermatt, H J and Bally, E and Gebbers, J O},
    number = {2},
    month = {2},
    pages = {177--80},
    volume = {15},
    issn = {0301-472X},
    pmid = {3545878}
}

@article{Govindaraju2000ProtonMetabolites,
    title = {{Proton NMR chemical shifts and coupling constants for brain metabolites}},
    year = {2000},
    journal = {NMR in Biomedicine},
    author = {Govindaraju, Varanavasi and Young, Karl and Maudsley, Andrew A},
    number = {3},
    pages = {129--153},
    volume = {13},
    doi = {10.1002/1099-1492},
    keywords = {brain metabolites, chemical shifts, coupling constants, in vivo, nuclear magnetic resonance spectroscopy, parametric spectral analysis, proton, review}
}

@article{Grist2019QuantifyingImaging,
    title = {{Quantifying normal human brain metabolism using hyperpolarized [1– 13 C]pyruvate and magnetic resonance imaging}},
    year = {2019},
    journal = {NeuroImage},
    author = {Grist, James T. and McLean, Mary A. and Riemer, Frank and Schulte, Rolf F. and Deen, Surrin S. and Zaccagna, Fulvio and Woitek, Ramona and Daniels, Charlie J. and Kaggie, Joshua D. and Matyz, Tomasz and Patterson, Ilse and Slough, Rhys and Gill, Andrew B. and Chhabra, Anita and Eichenberger, Rose and Laurent, Marie Christine and Comment, Arnaud and Gillard, Jonathan H. and Coles, Alasdair J. and Tyler, Damian J. and Wilkinson, Ian and Basu, Bristi and Lomas, David J. and Graves, Martin J. and Brindle, Kevin M. and Gallagher, Ferdia A.},
    month = {4},
    pages = {171--179},
    volume = {189},
    publisher = {Academic Press Inc.},
    doi = {10.1016/J.NEUROIMAGE.2019.01.027},
    issn = {10959572},
    pmid = {30639333},
    keywords = {Brain, Carbon-13, Hyperpolarized, MRI, Metabolism, Pyruvate}
}

@article{Stefan2009QuantitationPackage,
    title = {{Quantitation of magnetic resonance spectroscopy signals: the jMRUI software package}},
    year = {2009},
    journal = {Measurement Science and Technology},
    author = {Stefan, D. and Cesare, F. Di and Andrasescu, A. and Popa, E. and Lazariev, A. and Vescovo, E. and Strbak, O. and Williams, S. and Starcuk, Z. and Cabanas, M. and Van Ormondt, D. and Graveron-Demilly, D.},
    number = {10},
    month = {9},
    pages = {104035},
    volume = {20},
    publisher = {IOP Publishing},
    url = {https://iopscience.iop.org/article/10.1088/0957-0233/20/10/104035 https://iopscience.iop.org/article/10.1088/0957-0233/20/10/104035/meta},
    doi = {10.1088/0957-0233/20/10/104035},
    issn = {0957-0233},
    keywords = {HRMAS-NMR, JMRUI software package, Java, MR spectroscopy, MRS, MRSI, Plug-ins, Quantitation}
}

@article{Lu2017QuantitativeSpectroscopy,
    title = {{Quantitative assessment of brain glucose metabolic rates using in vivo deuterium magnetic resonance spectroscopy}},
    year = {2017},
    journal = {Journal of Cerebral Blood Flow and Metabolism},
    author = {Lu, Ming and Zhu, Xiao Hong and Zhang, Yi and Mateescu, Gheorghe and Chen, Wei},
    number = {11},
    month = {11},
    pages = {3518--3530},
    volume = {37},
    publisher = {SAGE Publications Ltd},
    doi = {10.1177/0271678X17706444},
    issn = {15597016},
    pmid = {28503999},
    keywords = {Brain glucose metabolisms, TCA cycle, cerebral metabolic rate of glucose, deuterium magnetic resonance spectroscopy (2H MRS), glycolysis}
}

@article{Alger2010QuantitativeReview,
    title = {{Quantitative Proton Magnetic Resonance Spectroscopy and Spectroscopic Imaging of the Brain: A Didactic Review}},
    year = {2010},
    journal = {Topics in magnetic resonance imaging : TMRI},
    author = {Alger, Jeffry R.},
    number = {2},
    month = {4},
    pages = {115},
    volume = {21},
    publisher = {NIH Public Access},
    url = {/pmc/articles/PMC3103086/ /pmc/articles/PMC3103086/?report=abstract https://www.ncbi.nlm.nih.gov/pmc/articles/PMC3103086/},
    doi = {10.1097/RMR.0B013E31821E568F},
    issn = {08993459},
    pmid = {21613876},
    keywords = {brain, concentration, magnetic resonance spectroscopy, metabolite}
}

@article{White2018RacialHumans,
    title = {{Racial differences in in vivo adipose lipid kinetics in humans}},
    year = {2018},
    journal = {Journal of Lipid Research},
    author = {White, Ursula A. and Fitch, Mark D. and Beyl, Robbie A. and Hellerstein, Marc K. and Ravussin, Eric},
    number = {9},
    pages = {1738},
    volume = {59},
    publisher = {American Society for Biochemistry and Molecular Biology},
    url = {/pmc/articles/PMC6121936/ /pmc/articles/PMC6121936/?report=abstract https://www.ncbi.nlm.nih.gov/pmc/articles/PMC6121936/},
    doi = {10.1194/JLR.P082628},
    issn = {15397262},
    pmid = {29910190}
}

@misc{Doty2007RadioMRI,
    title = {{Radio frequency coil technology for small-animal MRI}},
    year = {2007},
    booktitle = {NMR in Biomedicine},
    author = {Doty, F. David and Entzminger, George and Kulkarni, Jatin and Pamarthy, Kranti and Staab, John P.},
    number = {3},
    month = {5},
    pages = {304--325},
    volume = {20},
    doi = {10.1002/nbm.1149},
    issn = {09523480},
    pmid = {17451180},
    keywords = {Circular polarization volume coils, Decoupling, Low-noise preamplifiers, Phased arrays, Small-animal MRI, Surface coils}
}

@techreport{Davies2001RapidWater,
    title = {{Rapid measurement of deuterium content of breath following oral ingestion to determine body water}},
    year = {2001},
    booktitle = {Physiol. Meas},
    author = {Davies, Simon and Spanel, Patrik and Smith, David},
    pages = {651--659},
    volume = {22},
    keywords = {body composition, breath analysis, deuterium dilution, flow-afterglow mass spectrometry, non-invasive, total body water}
}

@misc{Ahmad2020RecentSystem,
    title = {{Recent progress in birdcage RF coil technology for MRI system}},
    year = {2020},
    booktitle = {Diagnostics},
    author = {Ahmad, Sheikh Faisal and Kim, Young Cheol and Choi, Ick Chang and Kim, Hyun Deok},
    number = {12},
    month = {12},
    volume = {10},
    publisher = {MDPI AG},
    doi = {10.3390/diagnostics10121017},
    issn = {20754418},
    keywords = {Analytical solution, Birdcage coil, Design issues, Dual resonance, Electromagnetic simulation, MRI, NMR imaging, Numerical method, RF coil, Volume coil}
}

@article{Smith2012ReducedSuppression,
    title = {{Reduced field of view MRI with rapid, B1-robust outer volume suppression}},
    year = {2012},
    journal = {Magnetic resonance in medicine},
    author = {Smith, Travis B. and Nayak, Krishna S.},
    number = {5},
    pages = {1316--1323},
    volume = {67},
    publisher = {Magn Reson Med},
    url = {https://pubmed.ncbi.nlm.nih.gov/22083545/},
    doi = {10.1002/MRM.23116},
    issn = {1522-2594},
    pmid = {22083545},
    keywords = {Algorithms*, Artifacts*, Computer-Assisted / methods*, Image Enhancement / methods*, Image Interpretation, Imaging, Krishna S Nayak, MEDLINE, Magnetic Resonance Imaging / methods*, NCBI, NIH, NLM, National Center for Biotechnology Information, National Institutes of Health, National Library of Medicine, Phantoms, PubMed Abstract, Reproducibility of Results, Sensitivity and Specificity, Three-Dimensional / methods*, Travis B Smith, doi:10.1002/mrm.23116, pmid:22083545}
}

@article{Bloembergen1948RelaxationAbsorption,
    title = {{Relaxation effects in nuclear magnetic resonance absorption}},
    year = {1948},
    journal = {Physical Review},
    author = {Bloembergen, N. and Purcell, E. M. and Pound, R. V.},
    number = {7},
    month = {1},
    pages = {679 - 712},
    volume = {73},
    doi = {10.1103/PhysRev.73.679},
    issn = {0031899X}
}

@article{Eng1990RenalStudy,
    title = {{Renal distribution and metabolism of [2H9]choline. A2H NMR and MRI study}},
    year = {1990},
    journal = {NMR in Biomedicine},
    author = {Eng, John and Berkowitzt, Bruce A. and Balaban, Robert S.},
    number = {4},
    month = {8},
    pages = {173--177},
    volume = {3},
    doi = {10.1002/nbm.1940030405},
    issn = {09523480}
}

@article{Niess2023Reproducibility3T,
    title = {{Reproducibility of 3D MRSI for imaging human brain glucose metabolism using direct (2H) and indirect (1H) detection of deuterium labeled compounds at 7T and clinical 3T}},
    year = {2023},
    journal = {medRxiv},
    author = {Niess, Fabian and Strasser, Bernhard and Hingerl, Lukas and Niess, Eva and Motyka, Stanislav and Hangel, Gilbert and Kr{\v{s}}{\v{s}}{\'{a}}k, Martin and Gruber, Stephan and Spurny-Dworak, Benjamin and Trattnig, Siegfried and Scherer, Thomas and Lanzenberger, Rupert and Bogner, Wolfgang},
    publisher = {Cold Spring Harbor Laboratory Preprints},
    url = {/pmc/articles/PMC10153308/ /pmc/articles/PMC10153308/?report=abstract https://www.ncbi.nlm.nih.gov/pmc/articles/PMC10153308/},
    doi = {10.1101/2023.04.17.23288672},
    pmid = {37131634}
}

@article{Gursan2022ResidualMuscle,
    title = {{Residual quadrupolar couplings observed in 7 Tesla deuterium MR spectra of skeletal muscle}},
    year = {2022},
    journal = {Magnetic Resonance in Medicine},
    author = {Gursan, Ayhan and Froeling, Martijn and Hendriks, Arjan D. and Welting, Dimitri and Kentgens, Arno P.M. and Klomp, Dennis W.J. and Prompers, Jeanine J.},
    number = {3},
    month = {3},
    pages = {1165--1173},
    volume = {87},
    publisher = {John Wiley and Sons Inc},
    doi = {10.1002/mrm.29053},
    issn = {15222594},
    pmid = {34657308}
}

@techreport{Leifer1997ResonantCoil,
    title = {{Resonant Modes of the Birdcage Coil}},
    year = {1997},
    booktitle = {JOURNAL OF MAGNETIC RESONANCE},
    author = {Leifer, Mark C},
    pages = {51--60},
    volume = {124}
}

@article{Patrignani2016ReviewPhysics,
    title = {{Review of Particle Physics}},
    year = {2016},
    journal = {Chinese Physics C},
    author = {Patrignani, C. and Agashe, K. and Aielli, G. and Amsler, C. and Antonelli, M. and Asner, D. M. and Baer, H. and Banerjee, Sw and Barnett, R. M. and Basaglia, T. and Bauer, C. W. and Beatty, J. J. and Belousov, V. I. and Beringer, J. and Bethke, S. and Bichsel, H. and Biebel, O. and Blucher, E. and Brooijmans, G. and Buchmueller, O. and Burkert, V. and Bychkov, M. A. and Cahn, R. N. and Carena, M. and Ceccucci, A. and Cerri, A. and Chakraborty, D. and Chen, M. C. and Chivukula, R. S. and Copic, K. and Cowan, G. and Dahl, O. and D'Ambrosio, G. and Damour, T. and De Florian, D. and De Gouv{\^{e}}a, A. and DeGrand, T. and De Jong, P. and Dissertori, G. and Dobrescu, B. A. and D'Onofrio, M. and Doser, M. and Drees, M. and Dreiner, H. K. and Dwyer, D. A. and Eerola, P. and Eidelman, S. and Ellis, J. and Erler, J. and Ezhela, V. V. and Fetscher, W. and Fields, B. D. and Foster, B. and Freitas, A. and Gallagher, H. and Garren, L. and Gerber, H. J. and Gerbier, G. and Gershon, T. and Gherghetta, T. and Godizov, A. A. and Goodman, M. and Grab, C. and Gritsan, A. V. and Grojean, C. and Groom, D. E. and Gr{\"{u}}newald, M. and Gurtu, A. and Gutsche, T. and Haber, H. E. and Hagiwara, K. and Hanhart, C. and Hashimoto, S. and Hayato, Y. and Hayes, K. G. and Hebecker, A. and Heltsley, B. and Hern{\'{a}}ndez-Rey, J. J. and Hikasa, K. and Hisano, J. and H{\"{o}}cker, A. and Holder, J. and Holtkamp, A. and Huston, J. and Hyodo, T. and Irwin, K. and Jackson, J. D. and Johnson, K. F. and Kado, M. and Karliner, M. and Katz, U. F. and Klein, S. R. and Klempt, E. and Kowalewski, R. V. and Krauss, F. and Kreps, M. and Krusche, B. and Kuyanov, Yu V. and Kwon, Y. and Lahav, O. and Laiho, J. and Langacker, P. and Liddle, A. and Ligeti, Z. and Lin, C. J. and Lippmann, C. and Liss, T. M. and Littenberg, L. and Lugovsky, K. S. and Lugovsky, S. B. and Lusiani, A. and Makida, Y. and Maltoni, F. and Mannel, T. and Manohar, A. V. and Marciano, W. J. and Martin, A. D. and Masoni, A. and Matthews, J. and Mei{\ss}ner, U. G. and Milstead, D. and Mitchell, R. E. and Molaro, P. and M{\"{o}}nig, K. and Moortgat, F. and Mortonson, M. J. and Murayama, H. and Nakamura, K. and Narain, M. and Nason, P. and Navas, S. and Neubert, M. and Nevski, P. and Nir, Y. and Olive, K. A. and Pagan Griso, S. and Parsons, J. and Peacock, J. A. and Pennington, M. and Petcov, S. T. and Petrov, V. A. and Piepke, A. and Pomarol, A. and Quadt, A. and Raby, S. and Rademacker, J. and Raffelt, G. and Ratcliff, B. N. and Richardson, P. and Ringwald, A. and Roesler, S. and Rolli, S. and Romaniouk, A. and Rosenberg, L. J. and Rosner, J. L. and Rybka, G. and Ryutin, R. A. and Sachrajda, C. T. and Sakai, Y. and Salam, G. P. and Sarkar, S. and Sauli, F. and Schneider, O. and Scholberg, K. and Schwartz, A. J. and Scott, D. and Sharma, V. and Sharpe, S. R. and Shutt, T. and Silari, M. and Sj{\"{o}}strand, T. and Skands, P. and Skwarnicki, T. and Smith, J. G. and Smoot, G. F. and Spanier, S. and Spieler, H. and Spiering, C. and Stahl, A. and Stone, S. L. and Sumino, Y. and Sumiyoshi, T. and Syphers, M. J. and Takahashi, F. and Tanabashi, M. and Terashi, K. and Terning, J. and Thorne, R. S. and Tiator, L. and Titov, M. and Tkachenko, N. P. and T{\"{o}}rnqvist, N. A. and Tovey, D. and Valencia, G. and Van De Water, R. and Varelas, N. and Venanzoni, G. and Vincter, M. G. and Vogel, P. and Vogt, A. and Wakely, S. P. and Walkowiak, W. and Walter, C. W. and Wands, D. and Ward, D. R. and Wascko, M. O. and Weiglein, G. and Weinberg, D. H. and Weinberg, E. J. and White, M. and Wiencke, L. R. and Willocq, S. and Wohl, C. G. and Wolfenstein, L. and Womersley, J. and Woody, C. L. and Workman, R. L. and Yao, W. M. and Zeller, G. P. and Zenin, O. V. and Zhu, R. Y. and Zimmermann, F. and Zyla, P. A. and Anderson, J. and Harper, G. and Lugovsky, V. S. and Schaffner, P.},
    number = {10},
    month = {10},
    pages = {100001},
    volume = {40},
    publisher = {IOP Publishing},
    url = {https://iopscience.iop.org/article/10.1088/1674-1137/40/10/100001 https://iopscience.iop.org/article/10.1088/1674-1137/40/10/100001/meta},
    doi = {10.1088/1674-1137/40/10/100001},
    issn = {1674-1137}
}

@misc{Gruber2018RFNonphysicists,
    title = {{RF coils: A practical guide for nonphysicists}},
    year = {2018},
    booktitle = {Journal of Magnetic Resonance Imaging},
    author = {Gruber, Bernhard and Froeling, Martijn and Leiner, Tim and Klomp, Dennis W.J.},
    number = {3},
    month = {9},
    pages = {590--604},
    volume = {48},
    publisher = {John Wiley and Sons Inc.},
    doi = {10.1002/jmri.26187},
    issn = {15222586},
    keywords = {RF coil, arrays, clinical application, coil array design, novel RF coils, signal-to-noise ratio}
}

@misc{Fujita2013RFCircuit,
    title = {{RF surface receive array coils: The art of an LC circuit}},
    year = {2013},
    booktitle = {Journal of Magnetic Resonance Imaging},
    author = {Fujita, Hiroyuki and Zheng, Tsinghua and Yang, Xiaoyu and Finnerty, Matthew J. and Handa, Shinya},
    number = {1},
    month = {7},
    pages = {12--25},
    volume = {38},
    doi = {10.1002/jmri.24159},
    issn = {10531807},
    pmid = {23649497},
    keywords = {RF array coil, RF coil, balun, decoupling, preamplifier}
}

@article{Koletzko1997SafetyUse,
    title = {{Safety of stable isotope use}},
    year = {1997},
    journal = {European journal of pediatrics},
    author = {Koletzko, B. and Sauerwald, T. and Demmelmair, H.},
    number = {1},
    volume = {156 Suppl 1},
    publisher = {Eur J Pediatr},
    url = {https://pubmed.ncbi.nlm.nih.gov/9266209/},
    doi = {10.1007/PL00014267},
    issn = {0340-6199},
    pmid = {9266209},
    keywords = {Age Factors, B Koletzko, Child, H Demmelmair, Humans, Inborn Errors / diagnosis, Infant, Isotope Labeling*, Isotopes*, MEDLINE, Metabolism, NCBI, NIH, NLM, National Center for Biotechnology Information, National Institutes of Health, National Library of Medicine, Newborn, Non-U.S. Gov't, Pediatrics*, Preschool, PubMed Abstract, Research Support, Review, Risk Assessment, T Sauerwald, doi:10.1007/pl00014267, pmid:9266209}
}

@article{Zhang2001SegmentationAlgorithm,
    title = {{Segmentation of brain MR images through a hidden Markov random field model and the expectation-maximization algorithm}},
    year = {2001},
    journal = {IEEE Transactions on Medical Imaging},
    author = {Zhang, Yongyue and Brady, Michael and Smith, Stephen},
    number = {1},
    month = {1},
    pages = {45--57},
    volume = {20},
    doi = {10.1109/42.906424},
    issn = {02780062},
    pmid = {11293691},
    keywords = {Bias field correction, Expectation-maximization, Hidden Markov random field, MRI, Segmentation}
}

@techreport{Haldane1942SelectionMan,
    title = {{Selection against heterozygotes in man}},
    year = {1942},
    booktitle = {Ann. Eugenics},
    author = {Haldane, J B S and Gantmacher, F R},
    number = {2},
    pages = {333--340},
    volume = {2},
    publisher = {Interscience Pub-lishers, Inc}
}

@article{Bodenhausen1984SelectionExperiments,
    title = {{Selection of coherence-transfer pathways in NMR pulse experiments}},
    year = {1984},
    journal = {Journal of Magnetic Resonance (1969)},
    author = {Bodenhausen, Geoffrey and Kogler, Herbert and Ernst, R. R.},
    number = {3},
    month = {7},
    pages = {370--388},
    volume = {58},
    publisher = {Academic Press},
    doi = {10.1016/0022-2364(84)90142-2},
    issn = {0022-2364}
}

@article{Varma2016SelectiveSSFP,
    title = {{Selective spectroscopic imaging of hyperpolarized pyruvate and its metabolites using a single-echo variable phase advance method in balanced SSFP}},
    year = {2016},
    journal = {Magnetic Resonance in Medicine},
    author = {Varma, Gopal and Wang, Xiaoen and Vinogradov, Elena and Bhatt, Rupal S. and Sukhatme, Vikas P. and Seth, Pankaj and Lenkinski, Robert E. and Alsop, David C. and Grant, Aaron K.},
    number = {4},
    month = {10},
    pages = {1102--1115},
    volume = {76},
    publisher = {John Wiley and Sons Inc},
    doi = {10.1002/mrm.26004},
    issn = {15222594},
    pmid = {26507361},
    keywords = {bSSFP, hyperpolarized 13C, phase advance, pyruvate}
}

@article{Hotchkiss1990SepsisStudy,
    title = {{Sepsis does not alter red blood cell glucose metabolism or Na+ concentration: a 2H-, 23Na-NMR study}},
    year = {1990},
    journal = {American Physiological Society},
    author = {Hotchkiss, R. S. and Song, S. K. and Ling, C. S. and Ackerman, J. J.H. and Karl, I. E.},
    number = {1 27-1},
    volume = {258},
    publisher = { American Physiological Society Bethesda, MD },
    url = {https://journals.physiology.org/doi/10.1152/ajpregu.1990.258.1.R21},
    doi = {10.1152/AJPREGU.1990.258.1.R21},
    issn = {00029513},
    pmid = {2301634},
    keywords = {Cellular membrane, Deuterium, Lactate, Septicemia, Sodium, Sprague-Dawley rats}
}

@article{Nelson1999SerialMRSI,
    title = {{Serial evaluation of patients with brain tumors using volume MRI and 3D1H MRSI}},
    year = {1999},
    journal = {NMR in Biomedicine},
    author = {Nelson, Sarah J. and Vigneron, Daniel B. and Dillon, William P.},
    number = {3},
    month = {5},
    pages = {123--138},
    volume = {12},
    doi = {10.1002/(SICI)1099-1492(199905)12:3<123::AID-NBM541>3.0.CO;2-Y},
    issn = {0952-3480}
}

@article{Carnethon2002Serum19871998,
    title = {{Serum Insulin, Obesity, and the Incidence of Type 2 Diabetes in Black and White Adults: The Atherosclerosis Risk in Communities Study: 1987–1998}},
    year = {2002},
    journal = {Diabetes care},
    author = {Carnethon, Mercedes R. and Palaniappan, Latha P. and Burchfiel, Cecil M. and Brancati, Frederick L. and Fortmann, Stephen P.},
    number = {8},
    month = {8},
    pages = {1358},
    volume = {25},
    publisher = {NIH Public Access},
    url = {/pmc/articles/PMC3132185/ /pmc/articles/PMC3132185/?report=abstract https://www.ncbi.nlm.nih.gov/pmc/articles/PMC3132185/},
    doi = {10.2337/DIACARE.25.8.1358},
    issn = {01495992},
    pmid = {12145235}
}

@article{Flanagan2005SexSickness.,
    title = {{Sex differences in tolerance to visually-induced motion sickness.}},
    year = {2005},
    journal = {Aviation, space, and environmental medicine},
    author = {Flanagan, Moira B and May, James G and Dobie, Thomas G},
    number = {7},
    month = {7},
    pages = {642--6},
    volume = {76},
    issn = {0095-6562},
    pmid = {16018346}
}

@incollection{Bernstein2004SIGNALSampling,
    title = {{SIGNAL ACQUISITION AND K-SPACE SAMPLING 11.1 Bandwidth and Sampling}},
    year = {2004},
    author = {Bernstein, Matt and King, Kevin and Zhou, Xiaohong},
    pages = {367--442},
    publisher = {Academic Press},
    url = {http://ebookcentral.proquest.com','_blank'}
}

@article{Veltien2021SimultaneousImaging,
    title = {{Simultaneous Recording of the Uptake and Conversion of Glucose and Choline in Tumors by Deuterium Metabolic Imaging}},
    year = {2021},
    journal = {Cancers},
    author = {Veltien, Andor and Van Asten, Jack and Ravichandran, Niveditha and De Graaf, Robin A and De Feyter, Henk M and Oosterwijk, Egbert and Heerschap, Arend},
    number = {16},
    pages = {4034},
    volume = {13},
    doi = {10.3390/cancers13164034},
    keywords = {2 H, MRI, choline Cancers 2021, 13, 4034, deuterium metabolic imaging, glucose, tumor}
}

@article{Posse2009Single-shotImaging,
    title = {{Single-shot magnetic resonance spectroscopic imaging with partial parallel imaging}},
    year = {2009},
    journal = {Magnetic Resonance in Medicine},
    author = {Posse, Stefan and Otazo, Ricardo and Tsai, Shang Yueh and Yoshimoto, Akio Ernesto and Lin, Fa Hsuan},
    number = {3},
    pages = {541--547},
    volume = {61},
    publisher = {John Wiley and Sons Inc.},
    doi = {10.1002/mrm.21855},
    issn = {15222594},
    pmid = {19097245},
    keywords = {Magnetic resonance spectroscopic imaging, Parallel imaging, Proton-echo-planar-spectroscopic-imaging, SENSE, Single-shot encoding, Spectral quantification}
}

@article{Hu1988SLIM:Imaging,
    title = {{SLIM: Spectral localization by imaging}},
    year = {1988},
    journal = {Magnetic Resonance in Medicine},
    author = {Hu, Xiaoping and Levin, David N. and Lauterbur, Paul C. and Spraggins, Thomas},
    number = {3},
    month = {11},
    pages = {314--322},
    volume = {8},
    publisher = {John Wiley {\&} Sons, Ltd},
    url = {https://onlinelibrary.wiley.com/doi/full/10.1002/mrm.1910080308 https://onlinelibrary.wiley.com/doi/abs/10.1002/mrm.1910080308 https://onlinelibrary.wiley.com/doi/10.1002/mrm.1910080308},
    doi = {10.1002/MRM.1910080308},
    issn = {1522-2594},
    pmid = {3205158}
}

@article{Tucker1966SomeAnalysis,
    title = {{Some mathematical notes on three-mode factor analysis}},
    year = {1966},
    journal = {Psychometrika},
    author = {Tucker, Ledyard R.},
    number = {3},
    month = {9},
    pages = {279--311},
    volume = {31},
    publisher = {Springer-Verlag},
    url = {https://link.springer.com/article/10.1007/BF02289464},
    doi = {10.1007/BF02289464/METRICS},
    issn = {00333123},
    pmid = {5221127},
    keywords = {Assessment, Humanities, Law, Psychometrics, Statistical Theory and Methods, Statistics for Social Sciences, Testing and Evaluation}
}

@article{Katz1957SomeProcesses,
    title = {{Some Observations on Biological Effects of Deuterium, with Special Reference to Effects on Neoplastic Processes}},
    year = {1957},
    journal = {JNCI: Journal of the National Cancer Institute},
    author = {Katz, Joseph J. and Crespi, Henry L. and Hasterlik, Robert J. and Thomson, John F. and Finkel, Asher J.},
    number = {5},
    month = {5},
    pages = {641--659},
    volume = {18},
    publisher = {Oxford Academic},
    url = {https://academic.oup.com/jnci/article/18/5/641/903889},
    doi = {10.1093/JNCI/18.5.641},
    issn = {0027-8874},
    pmid = {13502686},
    keywords = {deuterium, neoplastic processes}
}

@article{Delgado2009SourcesEstimates,
    title = {{Sources of hepatic glycogen synthesis during an oral glucose tolerance test: Effect of transaldolase exchange on flux estimates}},
    year = {2009},
    journal = {Magnetic Resonance in Medicine},
    author = {Delgado, Teresa C. and Silva, Claúdia and Fernandes, Isabel and Caldeira, Madalena and Bastos, Margarida and Baptista, Carla and Carvalheiro, Manuela and Geraldes, Carlos F.G.C. and Jones, John G.},
    number = {5},
    month = {11},
    pages = {1120--1128},
    volume = {62},
    publisher = {John Wiley {\&} Sons, Ltd},
    url = {https://onlinelibrary.wiley.com/doi/full/10.1002/mrm.22107 https://onlinelibrary.wiley.com/doi/abs/10.1002/mrm.22107 https://onlinelibrary.wiley.com/doi/10.1002/mrm.22107},
    doi = {10.1002/MRM.22107},
    issn = {1522-2594},
    pmid = {19780152},
    keywords = {direct and indirect pathway, glycogen synthesis, oral glucose, peppermint oil, tolerance test, transaldolase}
}

@article{vanZijl2020SpectroscopicFluxes,
    title = {{Spectroscopic measurements of metabolic fluxes}},
    year = {2020},
    journal = {Nature biomedical engineering},
    author = {van Zijl, Peter C.M. and Brindle, Kevin M.},
    number = {3},
    month = {3},
    pages = {254--256},
    volume = {4},
    publisher = {Nat Biomed Eng},
    url = {https://pubmed.ncbi.nlm.nih.gov/32165729/},
    doi = {10.1038/S41551-020-0535-8},
    issn = {2157-846X},
    pmid = {32165729},
    keywords = {Biological*, Comment, Kevin M Brindle, MEDLINE, Magnetic Resonance Imaging*, Magnetic Resonance Spectroscopy, Models, NCBI, NIH, NLM, National Center for Biotechnology Information, National Institutes of Health, National Library of Medicine, Peter C M van Zijl, PubMed Abstract, doi:10.1038/s41551-020-0535-8, pmid:32165729}
}

@article{Hahn1950SpinEchoes,
    title = {{Spin Echoes}},
    year = {1950},
    journal = {Physical Review},
    author = {Hahn, E. L.},
    number = {4},
    month = {11},
    pages = {580},
    volume = {80},
    publisher = {American Physical Society},
    url = {https://journals.aps.org/pr/abstract/10.1103/PhysRev.80.580},
    doi = {10.1103/PhysRev.80.580},
    issn = {0031899X}
}

@article{Wilkinson2017StableFuture,
    title = {{Stable isotope tracers and exercise physiology: past, present and future}},
    year = {2017},
    journal = {Journal of Physiology},
    author = {Wilkinson, Daniel J. and Brook, Matthew S. and Smith, Kenneth and Atherton, Philip J.},
    number = {9},
    month = {5},
    pages = {2873--2882},
    volume = {595},
    publisher = {Blackwell Publishing Ltd},
    doi = {10.1113/JP272277},
    issn = {14697793},
    pmid = {27610950},
    keywords = {exercise, metabolism, muscle, stable isotope}
}

@article{Jones1991StableReaffirmed,
    title = {{Stable isotopes in clinical research: safety reaffirmed}},
    year = {1991},
    journal = {Clinical science (London, England : 1979)},
    author = {Jones, P. J.H. and Leatherdale, S. T.},
    number = {4},
    pages = {277--280},
    volume = {80},
    publisher = {Clin Sci (Lond)},
    url = {https://pubmed.ncbi.nlm.nih.gov/1851061/},
    doi = {10.1042/CS0800277},
    issn = {0143-5221},
    pmid = {1851061},
    keywords = {Animals, Carbon Isotopes, Deuterium / toxicity, Dogs, Dose-Response Relationship, Drug, Editorial, Humans, Hydrogen, Isotopes*, MEDLINE, NCBI, NIH, NLM, National Center for Biotechnology Information, National Institutes of Health, National Library of Medicine, Non-U.S. Gov't, P J Jones, PubMed Abstract, Research Support, Research*, S T Leatherdale, doi:10.1042/cs0800277, pmid:1851061}
}

@article{Pons1999StablePharmacology,
    title = {{Stable Isotopes Labeling of Drugs in Pediatric Clinical Pharmacology}},
    year = {1999},
    journal = {Pediatrics},
    author = {Pons, Gerard and Rey, Elisabeth},
    number = {Supplement{\_}3},
    month = {9},
    pages = {633--639},
    volume = {104},
    publisher = {American Academy of Pediatrics},
    url = {/pediatrics/article/104/Supplement_3/633/28398/Stable-Isotopes-Labeling-of-Drugs-in-Pediatric https://publications.aap.org/pediatrics/article/104/Supplement_3/633/28398/Stable-Isotopes-Labeling-of-Drugs-in-Pediatric},
    doi = {10.1542/PEDS.104.S3.633},
    issn = {0031-4005},
    pmid = {10469806},
    keywords = {GH, growth hormone, HPLC, high-pressure liquid chromatography, carbon dioxide, demethylation, isotopes, mass spectrometry}
}

@article{Klein1986StableSafety,
    title = {{Stable isotopes: origins and safety}},
    year = {1986},
    journal = {Journal of clinical pharmacology},
    author = {Klein, Peter D. and Klein, E. Roseland},
    number = {6},
    pages = {378--382},
    volume = {26},
    publisher = {J Clin Pharmacol},
    url = {https://pubmed.ncbi.nlm.nih.gov/3734125/},
    doi = {10.1002/J.1552-4604.1986.TB03544.X},
    issn = {0091-2700},
    pmid = {3734125},
    keywords = {Animals, Carbon Isotopes, Chemical Phenomena, Chemistry, Deuterium, E R Klein, Humans, Isotopes*, MEDLINE, NCBI, NIH, NLM, National Center for Biotechnology Information, National Institutes of Health, National Library of Medicine, Nitrogen Isotopes, Oxygen Isotopes, P D Klein, P.H.S., PubMed Abstract, Research Support, U.S. Gov't, doi:10.1002/j.1552-4604.1986.tb03544.x, pmid:3734125}
}

@article{Davies2020StableStudies,
    title = {{Stable isotopes: their use and safety in human nutrition studies}},
    year = {2020},
    journal = {European Journal of Clinical Nutrition 2020 74:3},
    author = {Davies, Peter S.W.},
    number = {3},
    month = {2},
    pages = {362--365},
    volume = {74},
    publisher = {Nature Publishing Group},
    url = {https://www.nature.com/articles/s41430-020-0580-0},
    doi = {10.1038/s41430-020-0580-0},
    issn = {1476-5640},
    pmid = {32047289},
    keywords = {Obesity, Translational research}
}

@article{Salans1973StudiesPatients,
    title = {{Studies of human adipose tissue. Adipose cell size and number in nonobese and obese patients}},
    year = {1973},
    journal = {The Journal of clinical investigation},
    author = {Salans, L. B. and Cushman, S. W. and Weismann, R. E.},
    number = {4},
    pages = {929--941},
    volume = {52},
    publisher = {J Clin Invest},
    url = {https://pubmed.ncbi.nlm.nih.gov/4693656/},
    doi = {10.1172/JCI107258},
    issn = {0021-9738},
    pmid = {4693656},
    keywords = {Adipose Tissue / cytology, Adipose Tissue / pathology*, Adult, Age Factors, Body Composition, Body Surface Area, Cell Count, Female, Humans, L B Salans, MEDLINE, Male, NCBI, NIH, NLM, National Center for Biotechnology Information, National Institutes of Health, National Library of Medicine, Obesity / pathology*, PMC302341, PubMed Abstract, R E Weismann, S W Cushman, doi:10.1172/JCI107258, pmid:4693656}
}

@article{Thompson1953StudiesRat,
    title = {{Studies of metabolic turnover with tritium as tracer. II. Gross studies on the rat}},
    year = {1953},
    journal = {J Biol Chem},
    author = {Thompson, Roy C},
    number = {2},
    pages = {731--743},
    volume = {200}
}

@article{Steinberg1967StudiesDisease,
    title = {{Studies on the metabolic error in Refsum's disease}},
    year = {1967},
    journal = {The Journal of clinical investigation},
    author = {Steinberg, D. and Mize, C. E. and Avigan, J. and Fales, H. M. and Eldjarn, L. and Try, K. and Stokke, O. and Refsum, S.},
    number = {3},
    pages = {313--322},
    volume = {46},
    publisher = {J Clin Invest},
    url = {https://pubmed.ncbi.nlm.nih.gov/4164676/},
    doi = {10.1172/JCI105533},
    issn = {0021-9738},
    pmid = {4164676},
    keywords = {Adult, C E Mize, Carbon Dioxide / metabolism, Carbon Isotopes, Cholesterol, D Steinberg, Deuterium / metabolism, Fatty Acids / biosynthesis, Fatty Acids / metabolism*, Female, Humans, MEDLINE, Male, Mevalonic Acid / metabolism*, Middle Aged, NCBI, NIH, NLM, National Center for Biotechnology Information, National Institutes of Health, National Library of Medicine, PMC297052, PubMed Abstract, Refsum Disease / metabolism*, S Refsum, doi:10.1172/JCI105533, pmid:4164676}
}

@article{Fung1979StudyWater,
    title = {{Study of spin-lattice and spin-spin relaxation times of 1H, 2H, and 17O in muscular water}},
    year = {1979},
    journal = {Biophysical Journal},
    author = {Fung, B. M. and McGaughy, T. W.},
    number = {2},
    pages = {293--303},
    volume = {28},
    doi = {10.1016/S0006-3495(79)85177-2},
    issn = {00063495},
    pmid = {233613}
}

@article{Mangia2007SustainedCortex,
    title = {{Sustained neuronal activation raises oxidative metabolism to a new steady-state level: Evidence from 1H NMR spectroscopy in the human visual cortex}},
    year = {2007},
    journal = {Journal of Cerebral Blood Flow and Metabolism},
    author = {Mangia, Silvia and Tk{\'{a}}{\v{c}}, Ivan and Gruetter, Rolf and Van De Moortele, Pierre Francois and Maraviglia, Bruno and Uǧurbil, Kâmil},
    number = {5},
    month = {5},
    pages = {1055--1063},
    volume = {27},
    url = {www.jcbfm.com},
    doi = {10.1038/SJ.JCBFM.9600401},
    issn = {0271678X},
    pmid = {17033694},
    keywords = {1H NMR spectroscopy, BOLD, Brain activation, Functional metabolism, In vivo, Lactate, Malate-aspartate shuttle}
}

@article{Pijnappel1992SVD-basedSignals,
    title = {{SVD-based quantification of magnetic resonance signals}},
    year = {1992},
    journal = {Journal of Magnetic Resonance (1969)},
    author = {Pijnappel, W. W.F. and van den Boogaart, A. and de Beer, R. and van Ormondt, D.},
    number = {1},
    month = {3},
    pages = {122--134},
    volume = {97},
    publisher = {Academic Press},
    doi = {10.1016/0022-2364(92)90241-X},
    issn = {0022-2364}
}

@article{Peters2007T27T,
    title = {{T2* measurements in human brain at 1.5, 3 and 7T}},
    year = {2007},
    journal = {Magnetic Resonance Imaging},
    author = {Peters, Andrew M. and Brookes, Matthew J. and Hoogenraad, Frank G. and Gowland, Penny A. and Francis, Susan T. and Morris, Peter G. and Bowtell, Richard},
    number = {6},
    month = {7},
    pages = {748--753},
    volume = {25},
    publisher = {Elsevier},
    doi = {10.1016/J.MRI.2007.02.014},
    issn = {0730-725X},
    pmid = {17459640},
    keywords = {Field strength, Human brain, Mapping, T2*}
}

@article{Schoenheimer1938TheMetabolism,
    title = {{The Application of Isotopes to the Study of Intermediary Metabolism}},
    year = {1938},
    journal = {Science},
    author = {Schoenheimer, Rudolf and Rittenberg, D},
    number = {2254},
    pages = {221--226},
    volume = {87},
    publisher = {American Association for the Advancement of Science},
    url = {http://www.jstor.org/stable/1663550},
    issn = {00368075, 10959203}
}

@article{Barbour1937TheMammals,
    title = {{The Basis of the Pharmacological Action of Heavy Water in Mammals}},
    year = {1937},
    journal = {The Yale Journal of Biology and Medicine},
    author = {Barbour, Henry G.},
    number = {6},
    month = {7},
    pages = {551},
    volume = {9},
    publisher = {Yale Journal of Biology and Medicine},
    url = {https://www.ncbi.nlm.nih.gov/pmc/articles/PMC2601734/},
    issn = {0044-0086},
    pmid = {21433742}
}

@article{Katz1960TheWater,
    title = {{The Biology of Heavy Water}},
    year = {1960},
    journal = {Scientific American},
    author = {Katz, Joseph J},
    number = {1},
    pages = {106--117},
    volume = {203},
    doi = {10.2307/24940548}
}

@article{Lewis1934TheWater,
    title = {{The biology of heavy water}},
    year = {1934},
    journal = {Science},
    author = {Lewis, Gilbert N.},
    number = {2042},
    month = {2},
    pages = {151--153},
    volume = {79},
    publisher = {{\\\}        American Association for the Advancement of Science{\\\}      },
    url = {https://www.science.org/doi/10.1126/science.79.2042.151},
    doi = {10.1126/SCIENCE.79.2042.151/ASSET/77BC867D-16DF-4A0D-9607-2055B851563A/ASSETS/SCIENCE.79.2042.151.FP.PNG},
    issn = {00368075}
}

@article{Mitchell1945THEGROWTH,
    title = {{THE CHEMICAL COMPOSITION OF THE ADULT HUMAN BODY AND ITS BEARING ON THE BIOCHEMISTRY OF GROWTH}},
    year = {1945},
    journal = {Journal of Biological Chemistry},
    author = {Mitchell, H.H. and Hamilton, T.S. and Steggerda, F.R. and Bean, H.W.},
    number = {3},
    month = {5},
    pages = {625--637},
    volume = {158},
    publisher = {Elsevier BV},
    doi = {10.1016/S0021-9258(19)51339-4},
    issn = {00219258}
}

@article{Wiberg1955TheEffect,
    title = {{The Deuterium Isotope Effect}},
    year = {1955},
    journal = {Chemical Reviews},
    author = {Wiberg, Kenneth B.},
    number = {4},
    pages = {713--743},
    volume = {55},
    publisher = {American Chemical Society},
    url = {https://pubs.acs.org/doi/abs/10.1021/cr50004a004},
    doi = {10.1021/CR50004A004/ASSET/CR50004A004.FP.PNG{\_}V03},
    issn = {15206890}
}

@article{Golub1973TheSeparate,
    title = {{The Differentiation of Pseudo-Inverses and Nonlinear Least Squares Problems Whose Variables Separate}},
    year = {1973},
    journal = {SIAM Journal on Numerical Analysis},
    author = {Golub, G. H. and Pereyra, V.},
    number = {2},
    month = {4},
    pages = {413--432},
    volume = {10},
    publisher = {Society for Industrial {\&} Applied Mathematics (SIAM)},
    url = {https://epubs.siam.org/terms-privacy},
    doi = {10.1137/0710036},
    issn = {0036-1429}
}

@article{MISRA1967THEORGANISMS,
    title = {{THE EFFECTS OF DEUTERIUM ON LIVING ORGANISMS}},
    year = {1967},
    journal = {Current Science},
    author = {MISRA, PYARI MOHAN},
    number = {17},
    pages = {447--453},
    volume = {36},
    publisher = {Temporary Publisher},
    url = {http://www.jstor.org/stable/24062834},
    issn = {00113891}
}

@article{Gross1960TheDeuterium,
    title = {{The inhibition of mitosis by deuterium}},
    year = {1960},
    journal = {Annals of the New York Academy of Sciences},
    author = {Gross, Paul R. and Spindel, William},
    number = {16},
    pages = {745--754},
    volume = {84},
    publisher = {Ann N Y Acad Sci},
    url = {https://pubmed.ncbi.nlm.nih.gov/13709041/},
    doi = {10.1111/J.1749-6632.1960.TB39106.X},
    issn = {0077-8923},
    pmid = {13709041},
    keywords = {Cell Division / pharmacology*, Deuterium / pharmacology*, MEDLINE, Mitosis*, NCBI, NIH, NLM, National Center for Biotechnology Information, National Institutes of Health, National Library of Medicine, P R GROSS, PubMed Abstract, W SPINDEL, doi:10.1111/j.1749-6632.1960.tb39106.x, pmid:13709041}
}

@article{Mosin2015TheObjects,
    title = {{The Isotopic Effects of Deuterium on Biological Objects}},
    year = {2015},
    journal = {Journal of Medicine, Physiology and Biophysics},
    author = {Mosin, Oleg and Ignatov, Ignat},
    number = {0},
    pages = {47--70},
    volume = {10},
    url = {https://iiste.org/Journals/index.php/JMPB/article/view/19690},
    issn = {Pending},
    keywords = {IR-spectroscopy, biological systems, deuterium, deuterium depleted water, heavy water, isotopic effects}
}

@article{Westheimer1961TheDeuterium,
    title = {{The magnitude of the primary kinetic isotope effect for compounds of hydrogen and deuterium}},
    year = {1961},
    journal = {Chemical Reviews},
    author = {Westheimer, F. H.},
    number = {3},
    month = {1},
    pages = {265--273},
    volume = {61},
    publisher = {American Chemical Society},
    url = {https://pubs.acs.org/doi/abs/10.1021/cr60211a004},
    doi = {10.1021/CR60211A004/ASSET/CR60211A004.FP.PNG{\_}V03},
    issn = {15206890}
}

@article{WarburgBerlin-Dahlem1925TheCells,
    title = {{The Metabolism of Carcinoma Cells}},
    year = {1925},
    journal = {The Journal of Cancer Research},
    author = {Warburg Berlin-Dahlem, Otto},
    number = {1},
    pages = {148--163},
    volume = {9}
}

@article{BACHNER1964THEINTOXICATION,
    title = {{THE PATHOLOGIC ANATOMY OF DEUTERIUM INTOXICATION}},
    year = {1964},
    journal = {Proceedings of the National Academy of Sciences of the United States of America},
    author = {BACHNER, P. and MCKAY, D. G. and RITTENBERG, D.},
    number = {3},
    pages = {464},
    volume = {51},
    publisher = {National Academy of Sciences},
    url = {https://www.ncbi.nlm.nih.gov/pmc/articles/PMC300096/},
    doi = {10.1073/PNAS.51.3.464},
    issn = {00278424},
    pmid = {14171460}
}

@article{Gialleonardo2016TheImaging,
    title = {{The Potential of Metabolic Imaging}},
    year = {2016},
    journal = {Seminars in Nuclear Medicine},
    author = {Gialleonardo, Valentina Di and Wilson, David M. and Keshari, Kayvan R.},
    number = {1},
    month = {1},
    pages = {28--39},
    volume = {46},
    publisher = {W.B. Saunders},
    doi = {10.1053/j.semnuclmed.2015.09.004},
    issn = {15584623},
    pmid = {26687855}
}

@article{Funk2017TheGlucose,
    title = {{The rate of lactate production from glucose in hearts is not altered by per-deuteration of glucose}},
    year = {2017},
    journal = {Journal of Magnetic Resonance},
    author = {Funk, Alexander M. and Anderson, Brian L. and Wen, Xiaodong and Hever, Thomas and Khemtong, Chalermchai and Kovacs, Zoltan and Sherry, A. Dean and Malloy, Craig R.},
    month = {11},
    pages = {86--93},
    volume = {284},
    publisher = {Academic Press},
    doi = {10.1016/J.JMR.2017.09.007},
    issn = {1090-7807},
    pmid = {28972888},
    keywords = {Deuterium, Glucose metabolism, Heart, Kinetic isotope effect, NMR, Perfusion}
}

@article{Kosenkov2018TheMice,
    title = {{The Reversible Effect of Deuteration on Tissue Fluid and Biopolymers in Normal and Tumor Tissues of Mice}},
    year = {2018},
    journal = {Biophysics (Russian Federation)},
    author = {Kosenkov, A. V. and Gulyaev, M. V. and Lobyshev, V. I. and Yusubalieva, G. M. and Baklaushev, V. P.},
    number = {5},
    month = {9},
    pages = {820--824},
    volume = {63},
    publisher = {Pleiades Publishing},
    doi = {10.1134/S0006350918050111},
    issn = {15556654},
    keywords = {4T1 mammary carcinoma, Keywords: heavy water, MRI and 1Н and 2Н contrast, deuterium exchange, malignant tumor, survival}
}

@article{Lorentz1895TheHeat,
    title = {{The Theory of Electrons and Its Applications to the Phenomena of Light and Radiant Heat}},
    year = {1895},
    journal = {Annalen der Physik},
    author = {Lorentz, Hendrik},
    number = {1},
    pages = {177},
    volume = {4}
}

@article{Brereton1989TheMice,
    title = {{The use of in vivo 2H NMR spectroscopy to investigate the effects of obesity and diabetes mellitus upon lipid metabolism in mice}},
    year = {1989},
    journal = {NMR in Biomedicine},
    author = {Brereton, I. M. and Doddrell, D. M. and Oakenfull, S. M. and Moss, D. and Irving, M. G.},
    number = {2},
    pages = {55--60},
    volume = {2},
    doi = {10.1002/nbm.1940020203},
    issn = {10991492},
    pmid = {2534903}
}

@book{Fourier1822TheorieChaleur,
    title = {{Th{\'{e}}orie analytique de la chaleur}},
    year = {1822},
    author = {Fourier, Jean-Baptiste-Joseph},
    publisher = {F. Didot p{\`{e}}re et fils}
}

@article{Watson1980TotalMeasurements,
    title = {{Total body water volumes for adult males and females estimated from simple anthropometric measurements}},
    year = {1980},
    journal = {The American Journal of Clinical Nutrition},
    author = {Watson, P. E. and Watson, I. D. and Batt, R. D.},
    number = {1},
    month = {1},
    pages = {27--39},
    volume = {33},
    publisher = {Oxford Academic},
    url = {https://academic.oup.com/ajcn/article/33/1/27/4692260},
    doi = {10.1093/AJCN/33.1.27},
    issn = {0002-9165},
    pmid = {6986753},
    keywords = {adult, anthropometric measures, dilution technique, linear regression}
}

@article{Tsang2012Triple-quantum-filteredT,
    title = {{Triple-quantum-filtered sodium imaging of the human brain at 4.7 T}},
    year = {2012},
    journal = {Magnetic Resonance in Medicine},
    author = {Tsang, Adrian and Stobbe, Robert W. and Beaulieu, Christian},
    number = {6},
    pages = {1633--1643},
    volume = {67},
    publisher = {John Wiley and Sons Inc},
    doi = {10.1002/MRM.23147},
    issn = {15222594},
    pmid = {21956282},
    keywords = {intracellular weighting, single-quantum breakthrough, sodium MRI, triple-quantum imaging}
}

@article{Romero-Garcia2011TumorView,
    title = {{Tumor cell metabolism: An integral view}},
    year = {2011},
    journal = {Cancer Biology {\&} Therapy},
    author = {Romero-Garcia, Susana and Lopez-Gonzalez, Jose Sullivan and B{\'{a}}ez-Viveros, José Luis and Aguilar-Cazares, Dolores and Prado-Garcia, Heriberto},
    number = {11},
    month = {12},
    pages = {939},
    volume = {12},
    publisher = {Taylor {\&} Francis},
    url = {/pmc/articles/PMC3280912/ /pmc/articles/PMC3280912/?report=abstract https://www.ncbi.nlm.nih.gov/pmc/articles/PMC3280912/},
    doi = {10.4161/CBT.12.11.18140},
    issn = {15384047},
    pmid = {22057267},
    keywords = {Cancer, Glutamine, Glycolysis, Hypoxia, Lactic acidosis, Metabolic reprogramming, Tumor-cell mitochondria}
}

@article{Einstein1905UberTeilchen,
    title = {{{\"{U}}ber die von der molekularkinetischen Theorie der W{\"{a}}rme geforderte Bewegung von in ruhenden Fl{\"{u}}ssigkeiten suspendierten Teilchen}},
    year = {1905},
    journal = {Annalen der Physik},
    author = {Einstein, A.},
    number = {8},
    pages = {549--560},
    volume = {322},
    doi = {10.1002/ANDP.19053220806},
    issn = {15213889}
}

@article{Clarke2022UncertaintyMethods,
    title = {{Uncertainty in denoising of MRSI using low-rank methods}},
    year = {2022},
    journal = {Magnetic Resonance in Medicine},
    author = {Clarke, William T. and Chiew, Mark},
    number = {2},
    month = {2},
    pages = {574--588},
    volume = {87},
    publisher = {John Wiley {\&} Sons, Ltd},
    url = {https://onlinelibrary.wiley.com/doi/full/10.1002/mrm.29018 https://onlinelibrary.wiley.com/doi/abs/10.1002/mrm.29018 https://onlinelibrary.wiley.com/doi/10.1002/mrm.29018},
    doi = {10.1002/MRM.29018},
    issn = {1522-2594},
    pmid = {34545962},
    keywords = {MRS, MRSI, denoising, low rank, spectroscopy}
}

@article{Cohen1980UseLiver,
    title = {{Use of 13C NMR for investigation of ethanol metabolism in perfused liver}},
    year = {1980},
    journal = {Advances in experimental medicine and biology},
    author = {Cohen, S. M. and Shulman, R. G. and Williamson, J. R. and McLaughlin, A. C.},
    pages = {419--431},
    volume = {132},
    publisher = {Adv Exp Med Biol},
    url = {https://pubmed.ncbi.nlm.nih.gov/7424722/},
    doi = {10.1007/978-1-4757-1419-7{\_}42},
    issn = {0065-2598},
    pmid = {7424722},
    keywords = {A C McLaughlin, Alanine / metabolism, Ammonia / metabolism, Animals, Aspartic Acid / metabolism, Citric Acid Cycle, Ethanol / metabolism*, Glucose / metabolism, In Vitro Techniques, Lactates / metabolism, Liver / metabolism*, MEDLINE, Magnetic Resonance Spectroscopy, Malates / metabolism, NCBI, NIH, NLM, National Center for Biotechnology Information, National Institutes of Health, National Library of Medicine, Non-P.H.S., PubMed Abstract, R G Shulman, Rats, Research Support, S M Cohen, U.S. Gov't, doi:10.1007/978-1-4757-1419-7{\_}42, pmid:7424722}
}

@article{Goodman1989UseSynthesis,
    title = {{Use of deuterium labelled glucose in evaluating the pathway of hepatic glycogen synthesis}},
    year = {1989},
    journal = {Biochemical and Biophysical Research Communications},
    author = {Goodman, Michael N. and Masuoka, Lorianne K. and deRopp, Jeffrey S. and Jones, A. Daniel},
    number = {2},
    month = {3},
    pages = {522--527},
    volume = {159},
    publisher = {Academic Press},
    doi = {10.1016/0006-291X(89)90024-7},
    issn = {0006-291X},
    pmid = {2930527}
}

@article{Webb2011UseT,
    title = {{Use of tailored higher modes of a birdcage to design a simple double-tuned proton/phosphorus coil for human calf muscle studies at 7 T}},
    year = {2011},
    journal = {Concepts in Magnetic Resonance Part B: Magnetic Resonance Engineering},
    author = {Webb, A. G. and Smith, N. B. and Aussenhofer, S. and Kan, H. E.},
    number = {2},
    month = {4},
    pages = {89--97},
    volume = {39 B},
    doi = {10.1002/cmr.b.20195},
    issn = {15525031},
    keywords = {Birdcage coil, Double tuned, High field, Multiple modes, Phosphorus spectroscopy}
}

@article{Gant2014UsingDrug,
    title = {{Using deuterium in drug discovery: Leaving the label in the drug}},
    year = {2014},
    journal = {Journal of Medicinal Chemistry},
    author = {Gant, Thomas G.},
    number = {9},
    month = {5},
    pages = {3595--3611},
    volume = {57},
    publisher = {American Chemical Society},
    url = {https://pubs.acs.org/doi/full/10.1021/jm4007998},
    doi = {10.1021/JM4007998/ASSET/IMAGES/JM-2013-007998{\_}M001.GIF},
    issn = {15204804},
    pmid = {24294889}
}

@article{Zeeman1896VerslagenAfdeeling,
    title = {{Verslagen van de Gewone Vergaderingen der Wis- en Natuurkundige Afdeeling}},
    year = {1896},
    journal = {Koninklijk Akademie van Wetenschappen te Amsterdam},
    author = {Zeeman, Pieter},
    pages = {181--248},
    volume = {5}
}

@article{Wright2008WaterOptimization,
    title = {{Water proton T1 measurements in brain tissue at 7, 3, and 1.5 T using IR-EPI, IR-TSE, and MPRAGE: results and optimization}},
    year = {2008},
    journal = {Magma (New York, N.Y.)},
    author = {Wright, P. J. and Mougin, O. E. and Totman, J. J. and Peters, A. M. and Brookes, M. J. and Coxon, R. and Morris, P. E. and Clemence, M. and Francis, S. T. and Bowtell, R. W. and Gowland, P. A.},
    number = {1-2},
    pages = {121--130},
    volume = {21},
    publisher = {MAGMA},
    url = {https://pubmed.ncbi.nlm.nih.gov/18259791/},
    doi = {10.1007/S10334-008-0104-8},
    issn = {0968-5243},
    pmid = {18259791},
    keywords = {Adult, Algorithms, Brain / pathology, Calibration, Computer-Assisted / methods*, Echo-Planar Imaging / methods*, Female, Humans, Image Processing, MEDLINE, Magnetic Resonance Imaging / methods*, Magnetics, Male, Models, NCBI, NIH, NLM, National Center for Biotechnology Information, National Institutes of Health, National Library of Medicine, Non-U.S. Gov't, O E Mougin, P A Gowland, P J Wright, Protons, PubMed Abstract, Reproducibility of Results, Research Support, Statistical, Water / chemistry, doi:10.1007/s10334-008-0104-8, pmid:18259791}
}

@article{Reeder2007Water-fatImaging,
    title = {{Water-fat separation with IDEAL gradient-echo imaging}},
    year = {2007},
    journal = {Journal of magnetic resonance imaging : JMRI},
    author = {Reeder, Scott B. and McKenzie, Charles A. and Pineda, Angel R. and Yu, Huanzhou and Shimakawa, Ann and Brau, Anja C. and Hargreaves, Brian A. and Gold, Garry E. and Brittain, Jean H.},
    number = {3},
    month = {3},
    pages = {644--652},
    volume = {25},
    publisher = {J Magn Reson Imaging},
    url = {https://pubmed.ncbi.nlm.nih.gov/17326087/},
    doi = {10.1002/JMRI.20831},
    issn = {1053-1807},
    pmid = {17326087},
    keywords = {Adipose Tissue / anatomy {\&} histology*, Algorithms, Ankle Joint / anatomy {\&} histology, Artifacts, Body Water*, Breast / anatomy {\&} histology, Charles A McKenzie, Computer-Assisted, Echo-Planar Imaging / methods*, Extramural, Female, Heart / anatomy {\&} histology, Humans, Imaging, Jean H Brittain, Knee Joint / anatomy {\&} histology, Least-Squares Analysis, Liver / anatomy {\&} histology, Liver / pathology, MEDLINE, Magnetics, N.I.H., NCBI, NIH, NLM, National Center for Biotechnology Information, National Institutes of Health, National Library of Medicine, Non-U.S. Gov't, Phantoms, PubMed Abstract, Reference Values, Reproducibility of Results, Research Support, Scott B Reeder, Signal Processing, Three-Dimensional / methods, Validation Study, doi:10.1002/jmri.20831, pmid:17326087}
}

@article{Boltzmann1872WeitereGasmolekulen,
    title = {{Weitere Studien {\"{u}}ber das W{\"{a}}rmegleichgewicht unter Gasmolek{\"{u}}len}},
    year = {1872},
    journal = {Kinetische Theorie II},
    author = {Boltzmann, Ludwig},
    pages = {115--225},
    publisher = {Vieweg+Teubner Verlag, Wiesbaden},
    url = {https://link.springer.com/chapter/10.1007/978-3-322-84986-1_3},
    isbn = {978-3-322-84986-1},
    doi = {10.1007/978-3-322-84986-1{\_}3}
}

@article{Elliott2021WhatMedia,
    title = {{What Are the Relative Intensities of the Components of NMR Spectral Multiplets from Quadrupolar Nuclei in Uniformly Anisotropic Media?}},
    year = {2021},
    journal = {Concepts in Magnetic Resonance Part A, Bridging Education and Research},
    author = {Elliott, Stuart J and Kuchel, Philip W},
    volume = {2021},
    url = {https://doi.org/10.1155/2021/8890478},
    doi = {10.1155/2021/8890478}
}

@article{Zhang202366-2H2Cancer,
    title = {{[6,6′-2H2] fructose as a deuterium metabolic imaging probe in liver cancer}},
    year = {2023},
    journal = {NMR in Biomedicine},
    author = {Zhang, Guannan and Cullen, Quinlan and Berishaj, Marjan and Deh, Kofi and Kim, Nathaniel and Keshari, Kayvan R.},
    number = {10},
    month = {10},
    pages = {e4989},
    volume = {36},
    publisher = {John Wiley {\&} Sons, Ltd},
    url = {https://onlinelibrary.wiley.com/doi/full/10.1002/nbm.4989 https://onlinelibrary.wiley.com/doi/abs/10.1002/nbm.4989 https://analyticalsciencejournals.onlinelibrary.wiley.com/doi/10.1002/nbm.4989},
    doi = {10.1002/NBM.4989},
    issn = {1099-1492},
    keywords = {6′-2H2] fructose, DMI, HCC, hepatocellular carcinoma, HK, hexokinase, KHK, ketohexokinase, LDH, lactate dehydrogenase, MCT, monocarboxylate transporter, MRSI, magnetic resonance spectroscopic imaging, MSM-d 6 , methylsulfonylmethane-d 6, NAD, nicotinamide adenine dinucleotide, PBS, phosphate-buffered saline, PPP, pentose phosphate pathway, RARE, rapid acquisitions with relaxation enhancement, TCA, tricarboxylic acid, [6, fructose, DMI, kinetics, liver, metabolism Abbreviations used: 2D, two-dimensional, glx, glutamate/glutamine HDO, deuterated water, kinetics, liver, metabolism}
}